3530 5932
356 471 698 562 COMMENTATIONES
717 509 996 560 EPIGRAPHICAE
1015 509 1118 564 TRES.
1332 493 1402 562 157

94 683 162 744 Osca
180 682 380 742 existimanda
402 683 455 754 sit,
483 702 544 742 non
573 691 672 760 potest
698 699 765 742 esse
791 681 995 745 nominativus
1022 683 1183 762 singularis
1210 685 1338 746 nominis
1367 686 1405 744 ad

93 780 202 864 {slafe
222 786 386 861 pertinens,
408 785 489 860 quod
511 785 658 844 eiusmodi
680 783 856 843 nominativi
878 785 954 862 sing.
970 804 1063 846 maso.
1079 787 1110 845 in
1132 807 1148 844 e
1169 787 1303 846 vocalem
1326 787 1404 846 desi·

90 895 181 946 neuma
207 907 226 946 a
250 887 355 965 lingua
375 886 460 947 Osca
484 888 574 965 plane
602 887 703 945 aliena
728 893 806 946 sunt.
849 887 955 964 ltaque
981 887 1056 946 illud
1077 885 1155 967 fate
1179 915 1215 939 =
1238 889 1303 948 aula
1328 890 1405 949 nihil

92 989 159 1048 aliud
179 1001 225 1050 est
246 989 306 1050 nisi
329 987 411 1049 Osca
430 989 527 1048 forma
548 990 732 1066 imperativi,
759 1007 835 1065 quae
862 990 1026 1067 respondet
1047 989 1175 1048 Latinae
1196 991 1270 1050 vait.
1313 990 1403 1050 Hanc

89 1093 157 1151 eninr
177 1099 280 1150 uotum
302 1103 348 1150 ast
368 1091 400 1150 in
423 1090 567 1150 clausulis
589 1090 744 1149 titulorum
765 1091 976 1170 sepulcralium
992 1090 1171 1151 Latinorum
1193 1111 1288 1170 aeque
1310 1095 1403 1153 usita-

90 1204 141 1252 tam
161 1212 226 1254 esse
248 1202 339 1270 atque
361 1204 413 1252 aot
434 1202 464 1252 et
485 1195 615 1252 calceet
636 1191 820 1252 Graecorum
842 1195 938 1277 χαῖρε.
973 1193 1055 1271 Ergo
1077 1196 1241 1254 enuntiatio
1263 1195 1400 1254 Lucana:

86 1291 198 1376 Eetufe
213 1291 294 1376 fuae
312 1321 349 1346 =
366 1294 485 1355 Saleius
508 1293 622 1372 (Solm')
645 1296 722 1369 vole,
750 1295 926 1372 acclamatio
949 1297 1081 1357 eiusdem
1103 1300 1222 1375 generis
1244 1306 1291 1356 est
1312 1307 1345 1356 ut
1366 1298 1402 1356 ti-

84 1397 132 1456 tuli
157 1397 340 1474 sepulcrales
369 1397 570 1475 antiquissimi
592 1398 708 1470 Latini,
740 1396 815 1456 al.
835 1397 906 1457 Lot.
921 1398 948 1472 I,
971 1399 1027 1458 98:
1047 1399 1081 1457 P.
1108 1398 1198 1458 Cordi
1217 1411 1307 1460 mater
1327 1401 1400 1490 valle,

84 1508 121 1572 et,
142 1500 159 1558 l.
175 1519 198 1558 o.
213 1500 240 1572 I,
256 1499 312 1559 94:
331 1499 468 1560 Euclasia
492 1501 587 1560 Cestio
609 1501 629 1560 l.
652 1494 732 1559 soloe
752 1501 826 1559 oola.

156 1601 192 1659 lu
212 1601 318 1679 lingua
339 1601 421 1662 Osca
446 1602 663 1662 nominativum
686 1597 810 1681 ΣαλαῘς
837 1619 927 1661 seusu
948 1603 1078 1662 vocativi
1106 1604 1216 1662 dictum
1242 1623 1310 1664 esse
1339 1623 1400 1664 nou

82 1705 182 1762 mnam
203 1714 259 1776 est,
281 1705 533 1782 quoniam'etiam
548 1704 649 1763 Latini
671 1705 856 1764 nominativo
875 1705 1024 1763 secundae
1046 1705 1255 1765 declinationis
1277 1726 1332 1782 pro
1348 1725 1400 1764 vo-

80 1806 172 1864 cativo
192 1816 326 1878 utuntur,
350 1816 382 1865 ut
403 1806 509 1880 Liuius
531 1807 557 1878 I,
579 1807 635 1866 24:
654 1807 734 1866 Audi
757 1815 789 1865 tu
807 1807 934 1884 populea
949 1807 1090 1880 Albanus,
1112 1807 1287 1885 Propertius
1309 1810 1353 1882 II,
1369 1809 1399 1880 6,

82 1908 133 1965 19:
167 1907 214 1968 Tu
238 1909 370 1969 criminis
393 1919 506 1982 auctor,
527 1909 662 1968 Nutritut
677 1909 762 1982 duro,
785 1901 922 1981 Romule,
944 1910 1022 1968 lacte
1043 1910 1142 1988 lupae,
1166 1909 1303 1984 Ovidius,
1325 1912 1400 1971 Her.

81 2011 125 2082 14,
142 2013 174 2070 7.·
199 2009 297 2089 Surge
318 2029 374 2088 age
396 2011 502 2071 Belide
524 2011 561 2069 de
583 2019 628 2071 tot
648 2011 738 2071 modo
758 2011 901 2070 fratribus
922 2031 1011 2083 unte,
1034 2020 1063 2070 et
1084 2014 1153 2072 deas
1175 2021 1221 2072 est
1242 2014 1398 2072 vocativus

79 2123 111 2170 ut
131 2112 206 2189 apud
228 2111 366 2172 Graecos
388 2103 462 2176 θεός
483 2121 514 2173 et
534 2106 618 2190 φίλος
639 2113 781 2189 (Koilaer,
803 2113 889 2188 Auos.
906 2113 1005 2173 Graan.
1026 2116 1054 2172 d.
1071 2113 1183 2174 Gmacl.
1197 2115 1266 2191 Spr.
1282 2116 1309 2188 l,
1332 2115 1398 2189 312,

79 2214 159 2272 Anat.
173 2214 202 2289 2,
224 2217 270 2274 ed.
286 2215 330 2290 2).
1260 2204 1264 2216 ⁸

155 2315 301 2394 Linguam
322 2315 434 2377 Oseam
455 2336 516 2378 nou
538 2339 640 2378 carere
662 2339 698 2378 ea
719 2320 877 2379 verborum
899 2321 1117 2397 coniugatione,
1140 2338 1230 2398 quam
1251 2337 1398 2398 gramma·

76 2417 124 2477 tioi
143 2417 241 2478 Latini
263 2421 424 2479 secundam
451 2431 617 2497 posuerunt
643 2421 740 2481 vocali
762 2428 778 2482 ὁ
800 2422 891 2500 longa
912 2423 1036 2501 stirpem
1058 2422 1216 2481 verborum
1242 2422 1398 2482 claudente

77 2521 230 2598 insignem,
259 2523 349 2581 certis
378 2525 562 2599 argumentis
590 2524 794 2583 demonstravi
820 2525 959 2600 (Ausapr.
976 2525 1020 2596 II,
1040 2523 1104 2584 732
1123 2544 1177 2601 aq,
1200 2525 1241 2582 ed.
1261 2525 1304 2601 2).
1346 2525 1397 2584 Ad

77 2621 152 2680 illam
176 2643 274 2683 meam
303 2625 591 2704 argumentationem
622 2645 701 2685 nune
728 2627 811 2684 velut
835 2628 971 2685 cumulus
1005 2626 1118 2686 accedit
1144 2626 1243 2687 Osous
1268 2627 1395 2705 impera·

77 2723 149 2783 lives
164 2722 244 2804 fuas
261 2752 298 2776 =
315 2726 381 2786 cole
402 2745 470 2785 eum
484 2726 595 2786 Latino
611 2727 760 2787 secundae
777 2730 997 2808 coniugationis
1018 2729 1084 2787 volt
1105 2729 1194 2808 plane
1216 2745 1394 2805 congruens.

151 2827 259 2904 ltaque
285 2829 405 2888 titulum
434 2829 634 2905 sepulcralem
655 2830 839 2890 Dianensem
866 2831 1100 2891 demonstratum
1123 2831 1239 2890 videtur
1260 2831 1338 2889 hunc
1361 2830 1391 2888 in

75 2929 189 2988 modum
208 2931 407 3009 supplendum
430 2942 460 2990 et
480 2930 598 2990 Latinis
622 2932 721 2991 verbis
743 2933 942 2992 enarrandum
963 2950 1046 2992 esse:

561 3123 598 3177 Α.
620 3125 744 3182 Aurorae
764 3117 894 3199 Hoexfme

453 3224 541 3283 Οπιες
561 3244 614 3280 uam
638 3219 733 3297 αισ(ο)
755 3245 801 3278 auo
825 3215 946 3300 (δεδετ).
969 3255 1008 3266 -

617 3320 741 3402 {adase
756 3320 843 3402 faits.

463 3490 561 3551 Aulus
581 3489 767 3578 Lamponius
788 3492 886 3569 Paqui
907 3493 989 3552 filius

405 3592 524 3671 Oppius
547 3593 629 3672 pium
651 3610 770 3654 sacrum
791 3595 848 3654 hoe
871 3594 990 3673 (dedit).
1013 3629 1051 3638 -

550 3693 671 3756 Salvius
694 3693 808 3774 (Salvi)
831 3699 908 3757 vale.

145 3882 248 3960 Supra
268 3881 391 3960 planum
411 3883 481 3954 leci,
502 3883 579 3942 hano
600 3883 825 3961 inscriptionem
847 3885 1017 3943 consentire
1037 3903 1104 3943 eum
1126 3884 1213 3944 titulo
1235 3885 1390 3944 Mamerti·

69 4003 168 4044 norum
192 3985 373 4046 Messinensi
393 3983 518 4045 Graecis
539 3986 646 4045 litteris
669 3994 814 4064 concepto
837 3996 866 4046 et
888 4005 945 4046 usu
966 3987 1135 4047 litterarum
1158 4011 1174 4057 η
1197 3996 1227 4045 et
1249 4010 1268 4044 ω
1291 3989 1390 4047 minus

69 4095 198 4146 correcto
228 4096 257 4147 et
287 4088 412 4164 syllabis
443 4087 582 4147 finalibus
614 4089 866 4148 nominativorum
899 4090 974 4168 sing.
991 4112 1048 4151 -ιες
1069 4100 1100 4148 et
1114 4111 1166 4156 -ις,
1188 4088 1388 4166 genitivorum

69 4190 136 4269 sing.
172 4211 248 4260 wne,
285 4191 524 4249 aecusativomm
560 4190 635 4268 sing.
659 4213 690 4248 -ο
713 4190 786 4266 (·ω)
818 4210 874 4268 pro
907 4211 978 4250 -ona
1036 4189 1132 4264 Quem
1167 4190 1285 4249 titulum
1322 4209 1389 4249 eum

68 4291 230 4352 llommsen
252 4311 311 4350 non
334 4293 427 4350 multo
447 4301 518 4368 post
531 4292 709 4369 Agathoclis
732 4279 856 4353 mortem
878 4304 1011 4371 tempore
1026 4293 1136 4370 Pyrrhi
1150 4293 1230 4370 regis
1245 4294 1388 4371 seriptum

68 4413 128 4452 esse
143 4395 299 4455 existimet
319 4393 403 4465 (Uet.
416 4395 498 4453 Diul.
515 4415 547 4471 p.
560 4395 625 4468 196,
644 4396 674 4456 0.
689 4396 724 4454 Z.
736 4399 764 4472 J.
779 4397 869 4473 oerpl.
886 4395 954 4472 Spr.
967 4395 1091 4465 XVIII,
1109 4414 1142 4471 p.
1158 4395 1217 4453 257
1231 4395 1299 4470 sp),
1321 4414 1388 4453 meo

69 4495 125 4556 iure
146 4507 280 4557 statuere
301 4496 374 4555 mihi
388 4497 502 4569 videor,
525 4497 628 4556 eadem
649 4507 746 4557 aetate
767 4499 857 4557 etiam
880 4498 996 4557 titulum
1016 4497 1217 4574 sepulcralem
1231 4482 1387 4555 Lucanum

68 4597 100 4656 de
118 4619 177 4676 quo
200 4599 250 4678 egi
272 4599 304 4658 in
326 4599 456 4676 lapidem
478 4599 603 4659 incisum
626 4617 703 4658 esse.
