3532 5938
409 545 481 615 272
961 563 1163 616 wmunnns

349 752 354 761 ’
408 739 554 797 mercatui
587 735 736 796 destinata
767 745 832 797 erat
864 744 954 814 atque
985 737 1102 816 lapides
1136 745 1205 796 ante
1232 755 1298 798 eam
1325 737 1452 815 dispersi
1485 737 1707 814 fundamentsqne

408 857 503 915 parva
524 857 650 915 quorum
672 838 802 917 vestigia
828 839 877 899 hic
902 839 965 900 illic
988 841 1130 918 distingui
1151 851 1281 917 possunt
1301 849 1385 899 erant
1406 841 1595 900 tabernarum
1613 842 1641 899 in
1659 839 1708 916 qni·

407 943 463 1001 bus
484 942 670 1019 negotiantes
698 958 811 1000 merces
838 941 960 1002 venales
986 943 1168 1020 emptoribus
1190 943 1398 1021 proponebant
1418 943 1572 1020 pretioque
1593 941 1710 1000 frumenti

409 1052 439 1102 et
459 1045 633 1104 animalium
656 1052 822 1121 emptorum
844 1043 1033 1104 venditorum
1056 1045 1260 1104 solvebantur:
1283 1053 1315 1104 ut
1336 1042 1459 1104 decurio
1481 1044 1598 1121 quidam
1612 1044 1709 1102 Marsae

408 1146 442 1202 ob
464 1145 595 1206 bonorem
609 1148 780 1223 flamineato:
802 1147 936 1205 tabernac
958 1149 1167 1223 quinquaqinta
1188 1165 1250 1206 eum
1266 1145 1427 1225 porticibus
1448 1147 1608 1222 duplicibus
1625 1149 1710 1221 inqui·

411 1247 623 1308 bassiacum:
645 1247 816 1326 operetufl)
839 1248 1015 1307 aedificarit

489 1351 568 1410 Post
593 1359 735 1428 quattuor
760 1352 852 1409 horas
878 1359 909 1410 et
936 1352 1122 1428 praescripta
1148 1369 1287 1430 magnam
1319 1361 1432 1427 partem
1460 1367 1652 1427 versuumque
1674 1367 1710 1408 se·

406 1453 559 1528 quentium
581 1452 744 1531 particulas
766 1453 880 1528 aliquot
900 1452 1031 1532 legeram
1053 1459 1083 1512 et
1104 1471 1170 1512 oum
1187 1447 1372 1514 Gueriniauo
1391 1453 1531 1530 exemplo
1550 1451 1710 1512 contuleram

407 1573 511 1616 versus
533 1564 713 1633 postremos,
735 1556 786 1630 qui
807 1573 875 1614 cnm
896 1564 976 1614 terra
996 1557 1067 1614 tecti
1090 1555 1150 1615 sint
1170 1566 1230 1614 tam
1252 1555 1328 1616 bene
1349 1557 1518 1616 conservati
1537 1565 1607 1614 sunt
1625 1562 1654 1612 ut
1670 1569 1710 1611 eos

406 1655 470 1715 heri
492 1657 604 1716 incisos
626 1656 694 1716 asie
715 1656 842 1717 dixeris:
866 1667 927 1717 tum
943 1657 1083 1717 contiuuo
1105 1657 1208 1716 labore
1229 1657 1364 1736 solisque
1385 1657 1543 1718 meridiani
1564 1656 1650 1716 radiis
1666 1655 1711 1714 fea

407 1775 459 1818 sus
488 1759 590 1818 destiti
618 1765 649 1818 et
677 1767 784 1836 ectypo
812 1759 891 1818 laeto
919 1759 1021 1819 ruinas
1048 1759 1290 1820 circumiaoeutes
1317 1777 1489 1838 percurrere
1511 1759 1606 1838 coepi.
1650 1757 1711 1816 Ecce

408 1859 485 1920 alius
501 1861 575 1920 mihi
590 1861 714 1921 offertur
735 1861 814 1939 lapis
834 1861 862 1920 ei
877 1879 966 1937 quem
988 1861 1076 1920 modo
1097 1862 1279 1939 reliqueram
1301 1861 1472 1922 simillimus
1493 1861 1549 1921 sed
1564 1858 1711 1920 minusaltc

405 1981 444 2026 ax
472 1971 554 2022 terra
577 1963 766 2040 prominens:
799 1974 863 2022 erat
889 1964 971 2022 alind
997 1964 1130 2024 eiusdem
1160 1965 1239 2024 tituli
1265 1965 1445 2042 exemplum.
1487 1962 1602 2024 Versus
1626 1980 1711 2022 norea

406 2065 523 2141 priores
544 2065 576 2124 iu
598 2084 635 2124 eo
657 2066 747 2125 etiam
769 2067 866 2143 magis
887 2073 1081 2139 evanuerunt,
1103 2085 1170 2125 cum
1184 2066 1226 2126 ibi
1243 2066 1355 2144 lapidis
1377 2066 1553 2144 superficies
1574 2065 1712 2124 maximam

404 2177 520 2245 partem
538 2167 659 2227 omniuo
671 2185 764 2227 exesa
774 2168 823 2241 sit,
840 2168 894 2228 sed
908 2169 940 2227 in
954 2168 1072 2245 reliqua
1087 2168 1282 2245 inscriptione
1298 2177 1363 2228 tota
1377 2188 1414 2227 ne
1428 2188 1488 2228 una
1498 2167 1617 2244 quidem
1631 2166 1710 2224 littera

404 2268 554 2328 invenitur
569 2269 606 2328 de
621 2271 707 2329 euius
722 2269 850 2330 lectione
865 2270 995 2330 dubitari
1009 2270 1115 2348 possit
1150 2269 1186 2330 lu
1200 2269 1294 2330 altero
1308 2271 1367 2330 hoc
1380 2270 1481 2348 lapide
1496 2269 1661 2330 effodiendo
1674 2268 1712 2326 ab

403 2370 512 2431 luendo
533 2371 691 2450 purgando
713 2371 908 2432 describendo
929 2372 1058 2449 denique
1080 2372 1169 2432 huius
1190 2390 1311 2451 quoque
1329 2381 1437 2450 ectypo
1452 2372 1592 2432 faciendo
1608 2370 1661 2429 diei
1673 2369 1713 2426 bo

404 2491 556 2551 :aequae
578 2482 755 2551 supereraut
775 2482 970 2551 consumptae
992 2483 1070 2547 suut,
1092 2493 1189 2552 neque
1210 2475 1308 2535 denuo
1330 2475 1368 2534 ad
1389 2475 1564 2552 exemplum
1580 2472 1715 2535 Gueiinir·

403 2595 474 2635 num
495 2578 606 2636 reverti
627 2585 782 2655 potueram
801 2579 910 2650 locum,
933 2577 984 2636 ubi
998 2587 1114 2637 noctem
1129 2596 1259 2657 agerem,
1281 2595 1424 2655 quaerere
1438 2587 1571 2639 coactns.
1604 2575 1714 2654 Repperi

403 2697 472 2738 eum
493 2678 524 2737 in
545 2681 674 2738 tentorio
697 2680 892 2758 spurcissimo
912 2679 1059 2739 collocato
1080 2681 1136 2740 sub
1158 2681 1238 2758 pinis
1258 2681 1422 2740 humilibus
1444 2681 1545 2740 saltus
1559 2679 1715 2757 Beguensis,
1754 2735 1755 2776 q

403 2780 454 2856 qui
476 2780 565 2841 bodie
578 2779 716 2860 Changet
730 2782 848 2842 Maabel
869 2780 985 2854 dicitur,
1006 2781 1084 2860 apud
1106 2783 1189 2858 ipsos
1211 2781 1319 2860 opinor
1332 2783 1583 2842 Musulamiorum
1602 2789 1715 2840 veterum

402 2889 550 2961 posteros.
594 2883 673 2943 Nam
706 2883 777 2942 mihi
808 2883 927 2959 quidem
961 2894 1080 2942 constat
1106 2893 1224 2962 gentem
1250 2885 1338 2942 bodie
1364 2883 1443 2943 Uled
1465 2882 1584 2944 Omran
1616 2883 1715 2941 dietam

405 3003 482 3062 quae
509 2985 663 3063 planitiem
689 2985 771 3070 illam
798 2986 953 3063 saltusque
979 2986 1097 3058 incolit,
1124 3005 1190 3045 cum
1217 2987 1293 3046 facie
1321 2995 1442 3064 totoque
1468 2986 1608 3064 corporis
1628 2983 1716 3044 habitu

402 3103 585 3165 magnopere
599 3086 719 3147 differat
732 3090 769 3148 ab
784 3088 921 3166 gentibus
936 3089 1043 3148 circum
1059 3089 1273 3163 babitantibus,
1288 3087 1520 3166 haudquaquam
1532 3089 1648 3148 Arabes
1661 3103 1716 3145 esse

402 3207 523 3267 genere:
556 3190 789 3267 iuimicitiaeque
810 3190 881 3250 illae
909 3198 939 3249 et
966 3190 1124 3249 latrocinia
1152 3192 1261 3268 quibus
1287 3199 1356 3268 post
1381 3191 1539 3250 hominum
1561 3189 1715 3252 memoriam

401 3291 490 3369 longe
510 3291 631 3369 lateque
652 3291 790 3369 regiones
813 3291 954 3351 finitimas
975 3291 1119 3352 infestant
1138 3294 1239 3352 nescio
1265 3311 1303 3378 ap
1325 3292 1492 3371 exprimis
1515 3293 1633 3372 imperii
1652 3293 1715 3348 Ara·
1753 3331 1754 3382 l

401 3393 461 3452 biei
483 3395 667 3472 temporibus
691 3395 829 3473 ipsisque
856 3402 988 3454 veterum
1014 3394 1178 3454 incolarum
1200 3404 1305 3454 oontm
1331 3413 1427 3455 novos
1449 3394 1592 3456 dominos
1613 3393 1716 3452 dimica·
1753 3393 1754 3408 ¹

401 3495 533 3556 tionibus
556 3497 702 3573 originem
724 3498 842 3557 ducaut.
896 3495 1042 3556 Fortasse
1068 3497 1158 3574 igitur
1179 3505 1295 3558 montes
1316 3515 1375 3556 nou
1397 3497 1522 3558 nomina
1544 3504 1657 3556 mium
1675 3513 1715 3552 aa·

401 3596 536 3675 tiqua²)‚
558 3598 611 3657 sed
632 3592 730 3660 etiam'
745 3600 881 3660 homines
903 3607 1069 3659 servarunt.

484 3699 519 3759 In
546 3702 674 3776 patriam
705 3719 843 3761 reversus
872 3720 949 3778 quae
976 3703 1007 3760 in
1034 3721 1067 3760 re
1093 3701 1243 3779 praesenti
1271 3701 1490 3780 descripseram
1519 3720 1638 3761 summa
1658 3715 1715 3757 cura

401 3803 514 3862 contuli
540 3822 605 3862 cum
632 3805 748 3881 eotypis
776 3805 851 3863 meis
878 3803 975 3880 plenis
1002 3803 1204 3881 coniectisque
1231 3813 1320 3880 atque
1346 3822 1385 3862 ex
1412 3803 1451 3863 iis
1472 3804 1629 3882 suppleri,
1653 3819 1716 3878 quae

402 3905 434 3962 iu
456 3905 563 3963 Africa
588 3906 731 3981 temporis
758 3907 907 3985 augustiis
935 3923 1060 3984 pressus
1085 3905 1271 3983 legeranno
1292 3915 1465 3984 potueram:
1495 3925 1575 3984 quae
1601 3908 1641 3965 ita
1665 3902 1715 3962 erui

399 4005 528 4084 iufrap.
544 4007 573 4066 4.
590 4007 608 4067 5
630 4007 781 4086 proposui.

477 4297 501 4361 ¹)
530 4299 608 4364 Gorp.
629 4299 655 4350 3.
675 4300 755 4350 3288.

476 4405 501 4471 ¹)
528 4408 643 4460 Nomina
667 4411 774 4475 antiqua
792 4409 934 4475 Beguensis
962 4409 989 4472 (a
1006 4409 1108 4474 Bagam
1136 4417 1165 4460 nt
1183 4408 1294 4472 videtur>
1318 4416 1344 4462 st
1365 4410 1518 4462 Musulamii
1542 4411 1571 4462 in
1594 4409 1672 4474 aaa
1694 4413 1713 4454 tl

398 4497 501 4550 Msahal
526 4515 649 4551 conversa
672 4508 739 4553 sant.
777 4502 854 4552 Haud
872 4516 954 4568 pauca
973 4501 1099 4552 eiusmodi
1124 4503 1320 4554 conversionum
1340 4503 1460 4567 exempla
1477 4503 1575 4554 afferre
1593 4517 1649 4553 cnm
1666 4513 1712 4565 pos·

398 4591 457 4655 aim,
475 4607 555 4642 unum
573 4593 694 4643 sufficiat.
730 4593 815 4644 Notus
834 4595 908 4659 regni
926 4593 1054 4647 Tuuetaui
1074 4608 1148 4644 mona
1167 4595 1287 4659 sinusque
1304 4595 1332 4644 in
1352 4609 1383 4645 eo
1402 4595 1465 4646 situs
1484 4588 1568 4646 hodie
1586 4593 1713 4660 appellatur
1751 4577 1752 4630 l

398 4683 513 4735 Kissera.
559 4685 626 4736 Eum
651 4686 688 4735 ita
714 4685 871 4750 appellatum
898 4701 954 4736 esse
982 4691 1120 4736 narrarunt
1143 4685 1208 4736 mihi
1234 4684 1350 4747 Arabes,
1384 4686 1446 4751 quia
1471 4686 1509 4736 ibi
1536 4687 1713 4739 trohannus

399 4775 474 4838 olim,
502 4791 559 4827 oum
577 4765 704 4830 exercitus
723 4776 945 4829 lduaulmanorum
970 4777 1064 4828 bellum
1088 4792 1179 4843 garena
1202 4785 1293 4829 contra
1315 4778 1432 4829 inddales
1457 4793 1557 4846 magna
1580 4780 1647 4832 fama
1667 4789 1713 4840 pr:-

400 4874 523 4931 maretur,
544 4868 634 4934 viginti
658 4869 740 4920 millia
763 4869 898 4920 hominum
916 4868 1023 4934 parvulo
1043 4869 1125 4920 frusto
1143 4871 1218 4935 paui:
1240 4871 1398 4922 enutrisset:
1417 4867 1528 4922 awa
1547 4872 1616 4922 enim
1638 4871 1713 4932 lingat

398 4959 503 5010 arabica
521 4967 561 5011 ast
578 4960 691 5026 sturiam
710 4959 818 5028 (panis).
863 4963 901 5012 At
923 4976 971 5026 ego
995 4962 1023 5011 in
1045 4962 1104 5026 ipro
1122 4961 1167 5012 illo
1186 4963 1259 5024 vieo,
1288 4962 1332 5028 qui
1351 4963 1444 5013 eodem
1462 4963 1522 5015 loco
1542 4965 1606 5014 sitas
1624 4969 1660 5013 eat
1675 4958 1712 5008 nbi

398 5051 462 5102 olim
480 5051 626 5105 Romanum
645 5053 769 5120 oppidum
787 5053 844 5115 tuit,
863 5053 1055 5120 imoriptionam
1074 5054 1184 5120 repperi,
1203 5055 1231 5104 iu
1244 5054 1336 5120 quaid
1350 5050 1460 5106 Oltam
1477 5063 1599 5108 vocatur:
1619 5059 1712 5120 apparet

398 5156 493 5194 nomen
511 5142 664 5195 hodiernum
684 5145 818 5211 antiquum
837 5159 894 5197 esse
913 5152 1069 5210 corruptum.
