3532 5938
521 549 575 600 nn
593 548 695 600 Acus
712 545 843 600 unsre.
864 546 951 598 nnv.
1326 526 1398 596 215

111 721 144 780 V.
164 721 265 779 7-16
303 722 452 780 restitutio
484 740 572 798 quam
605 723 750 800 proposui
783 741 862 781 novo
890 722 1057 800 fragmento
1086 721 1224 779 adiuncto
1252 738 1311 778 non
1339 739 1401 777 mu·

76 833 156 883 tatur.
904 817 924 825 ’

109 926 143 985 V.
167 926 204 984 17
234 927 409 1005 imperatori
436 926 494 986 iam
525 926 643 986 restitui
670 926 785 987 titulum
810 931 938 1006 principi
960 931 1130 1004 parentique
1154 936 1251 984 nostro
1281 923 1399 983 collatis

73 1029 140 1088 actis
165 1048 192 1088 a
212 1029 282 1088 139.

109 1131 144 1190 V.
161 1131 209 1190 21.
229 1129 270 1190 22
292 1131 399 1191 fratres
419 1131 470 1209 qui
485 1132 644 1193 adfuerunt
658 1134 825 1192 accuratius
840 1133 1044 1192 innotescunt:
1067 1132 1099 1191 in
1113 1129 1313 1209 promagistro
1328 1139 1402 1189 nota

75 1234 210 1293 omissum
234 1253 305 1294 esse
327 1253 501 1312 cognomen.

108 1335 143 1394 V.
160 1334 199 1394 23
228 1338 288 1395 etsi
315 1337 434 1415 plenius
461 1356 540 1397 nuuc
562 1338 702 1415 leguntur
723 1340 844 1398 nomina
866 1339 1036 1410 consulum,
1063 1337 1207 1397 Aucidius
1230 1345 1259 1394 et
1281 1333 1398 1396 Gavius

72 1439 115 1515 qui
136 1437 248 1498 suerint
269 1458 331 1499 non
353 1440 449 1517 magis
470 1449 596 1499 constat.
638 1439 753 1500 Gavius
774 1442 926 1500 Maximus
950 1440 1095 1510 Antonini
1118 1439 1166 1497 Pii
1188 1437 1281 1514 praef.
1305 1446 1398 1514 praet.

71 1539 175 1617 (Capit.
202 1543 282 1600 Ant.
310 1541 346 1600 P.
374 1541 430 1616 8),
459 1543 590 1619 equestri
617 1543 709 1620 igitur
737 1545 896 1603 etiamtunc
926 1543 1069 1621 dignitate
1095 1543 1248 1620 praeditus
1277 1541 1398 1600 omniuo

71 1641 199 1702 diversus
227 1642 290 1702 fuit
316 1644 354 1702 ab
382 1645 437 1703 hoc
457 1645 581 1704 consule
602 1646 642 1705 M.
667 1643 773 1705 Gavio.
819 1644 957 1724 Cogitavi
983 1646 1020 1704 de
1045 1644 1086 1703 M.
1112 1642 1210 1703 Gavio
1232 1643 1269 1702 Τ.
1292 1643 1312 1700 f.
1330 1641 1412 1700 Vel.l

69 1745 192 1821 Appulio
220 1745 360 1806 Maximo
390 1766 414 1806 o.
441 1767 470 1806 v.
501 1748 600 1807 sodali
627 1747 822 1820 Hadriauuli,
849 1749 948 1825 legato
979 1747 1153 1824 provinciae
1181 1745 1399 1816 Narbonensis,

69 1857 219 1923 quaestore
248 1849 385 1926 Augusti
412 1849 539 1925 (Murat.
565 1849 639 1923 192,
665 1853 710 1926 1);
740 1851 793 1910 sed
819 1851 919 1910 obstat
947 1851 1051 1909 titulus
1078 1849 1238 1908 clarissimi
1265 1849 1322 1906 viri
1348 1847 1398 1906 Pii

69 1957 156 2008 aetate
176 1969 290 2028 parum
313 1951 450 2010 usitatum.
494 1953 536 2011 M.
560 1950 676 2014 Gavius
699 1953 776 2012 alius
800 1950 914 2012 Orfitus
937 1952 1032 2011 fasces
1054 1953 1148 2028 gessit
1169 1970 1196 2009 a.
1215 1951 1283 2010 165.

104 2051 139 2110 V.
156 2051 206 2111 24.
224 2051 267 2112 25
295 2052 415 2112 litterae
440 2070 516 2112 enas
540 2055 572 2112 in
593 2055 652 2114 fine
674 2074 701 2112 v.
717 2054 756 2114 24
778 2063 914 2132 repertae
939 2055 1158 2115 restitutionem
1179 2054 1209 2110 iu
1230 2053 1308 2112 libro
1331 2072 1398 2130 pro·

68 2155 188 2230 positam
219 2155 441 2216 immutandam
462 2173 531 2216 esse
553 2157 723 2217 ostendunt.
767 2155 886 2216 Nomen
907 2155 1098 2236 promugistri
1120 2156 1273 2233 desumpsi
1296 2175 1334 2214 ex
1358 2153 1396 2213 29

68 2257 171 2317 omisso
198 2259 384 2336 cognomine
408 2267 531 2336 propter
553 2261 721 2337 augustiam
744 2260 847 2338 spatii:
871 2259 908 2318 cf.
931 2281 958 2318 r.
976 2258 1025 2318 21.

104 2359 137 2418 V.
153 2359 193 2420 28
223 2357 265 2419 L.
291 2359 451 2421 Lollianus
474 2361 585 2422 Avitus
610 2382 686 2440 puer
712 2372 813 2439 potest
833 2379 901 2421 esse
921 2360 957 2421 L.
981 2360 1098 2420 Hedius
1119 2360 1218 2421 Rufus
1240 2360 1397 2420 Lollianus

67 2462 166 2522 Aritus
188 2463 228 2536 is,
252 2464 309 2540 qni
333 2481 411 2522 anno
426 2463 484 2522 170
505 2465 582 2524 inter
604 2465 697 2524 salios
712 2465 868 2524 Palatinos
891 2471 1048 2543 cooptatus
1064 2472 1123 2524 est:
1147 2463 1184 2522 cl.
1199 2462 1308 2523 Marini
1323 2461 1395 2521 Aru.

67 2583 91 2640 p.
109 2565 163 2625 166
186 2572 218 2625 et
240 2563 396 2642 Borghesi
420 2584 536 2626 cencres
558 2567 577 2625 4
598 2588 628 2646 p.
645 2566 784 2644 5lOsqq.

1136 2704 1186 2763 W.
1210 2702 1352 2762 Hsnzsrc
