3530 5932
391 555 462 626 106
821 570 1128 622 Annmarrnnrvm
1145 569 1229 620 von.
1248 569 1277 618 11

385 747 477 806 Liber
498 765 606 804 venum
633 765 694 804 non
722 743 824 816 datur,
851 745 905 802 sed
931 743 1009 802 dono
1036 742 1203 802 destinatus
1232 751 1278 801 est
1299 744 1337 801 ab
1359 741 1471 800 editore
1493 743 1546 815 iis,
1571 743 1619 819 qui
1636 743 1694 800 baec
1753 727 1754 788 j

343 921 348 932 ¹
386 849 486 907 studia
512 849 672 925 praecipue
698 847 809 905 fovent.
855 845 1019 904 Dedicatus
1048 853 1094 904 est
1116 831 1304 905 Mdnmseno
1330 854 1361 903 et
1382 845 1470 917 mihi3
1498 845 1624 904 continet
1640 855 1694 920 port

348 957 351 964 '
386 950 602 1028 praefationem
624 951 766 1010 directam
787 949 825 1006 ed
841 947 1037 1007 Francisoum
1054 941 1367 1019 Caballero-Infante,
1389 965 1467 1023 quae
1480 947 1624 1023 quomodo
1636 948 1695 1006 acei-

385 1053 463 1111 derit
483 1063 517 1111 ut
537 1053 655 1112 tabulas
677 1051 807 1111 edendas
830 1052 997 1127 susciperet
1018 1051 1148 1127 scriptor
1169 1061 1289 1108 enarrat
1311 1049 1357 1127 (p.
1373 1049 1483 1126 1-5)‚
1505 1049 1626 1126 primum
1646 1059 1696 1108 tex·

386 1163 447 1213 tum
469 1155 639 1213 tabularum
661 1155 823 1214 secundum
841 1154 1071 1230 archetyporum
1086 1152 1213 1210 formam
1228 1152 1418 1229 dispositum,
1440 1151 1548 1210 deinde
1561 1152 1694 1210 lectionem

385 1257 508 1315 editoris
529 1256 572 1334 (p.
589 1256 705 1334 9-20)
728 1275 793 1315 oum
810 1257 949 1314 versione
964 1253 1133 1330 Hispanico
1155 1253 1198 1331 (p.
1215 1252 1361 1328 21-32).
1396 1253 1474 1312 Tum
1497 1255 1593 1332 pergit
1612 1254 1644 1312 ad
1658 1255 1697 1312 de-

386 1360 579 1435 scriptionem
601 1361 781 1430 tabularum,
803 1358 928 1442 formam
950 1375 1051 1416 earum
1074 1366 1227 1414 externam
1243 1363 1374 1429 enarrat,
1397 1356 1467 1415 item
1482 1367 1697 1434 argumentata·

389 1463 492 1538 pitum‚
515 1461 692 1539 compendia
713 1461 881 1536 scripturae
902 1453 1074 1531 et'similia,
1096 1458 1171 1516 vitia
1191 1459 1338 1534 quaedam
1361 1475 1439 1535 quae
1461 1469 1547 1536 putat
1565 1460 1601 1518 ab
1614 1477 1645 1515 eo
1658 1457 1697 1532 qui
1754 1463 1755 1516 l

386 1565 565 1640 conscripsit
585 1573 637 1621 aut
659 1563 708 1639 qui
732 1563 793 1621 aeri
815 1561 919 1620 incidit
940 1562 1103 1620 commissa
1124 1579 1201 1634 esse,
1224 1561 1368 1619 rationem
1392 1561 1550 1634 scribendi,
1571 1561 1659 1618 locum
1676 1571 1698 1614 et
1754 1539 1755 1548 ἵ

387 1677 504 1742 tempus
526 1666 602 1741 legis
626 1665 669 1742 (p.
686 1665 834 1741 33-83).
868 1663 1009 1737 Denique
1031 1661 1172 1739 proponit
1186 1664 1418 1721 commentarios
1434 1664 1472 1721 ad
1488 1662 1605 1739 singula
1618 1663 1699 1737 capita

388 1768 431 1845 (p.
448 1768 487 1826 84
496 1767 553 1844 ss.)
575 1786 642 1826 cum
664 1767 808 1825 addendis
830 1765 984 1824 nonnullis
1008 1763 1073 1841 (pp.
1089 1762 1169 1822 254*
1184 1771 1214 1823 et
1229 1762 1352 1841 254⁸).
1386 1765 1531 1824 Adiectae
1552 1765 1698 1823 subtrabu-

386 1870 433 1928 lae
451 1870 661 1947 lithograpbae
676 1868 816 1946 quinque,
839 1887 917 1945 quae
940 1867 1106 1944 scripturae
1127 1867 1255 1926 formam
1277 1876 1367 1943 atque
1390 1867 1466 1925 adeo
1488 1867 1567 1926 aeris
1588 1867 1698 1925 colorem

386 1972 512 2031 fideliter
538 1971 673 2030 imitatae
700 1970 748 2046 (ut
769 1971 890 2028 tabulae
912 1969 1150 2046 Ritscbelianae)
1177 1969 1265 2028 trium
1292 1970 1459 2028 tabularum
1488 1970 1574 2028 initia
1594 1969 1698 2045 siugulis

386 2073 575 2151 imaginibus,
599 2073 705 2132 deinde
726 2059 817 2149 eaput
837 2091 928 2130 unum
953 2070 1121 2148 (CXXIX)
1145 2072 1265 2130 tabulae
1287 2071 1401 2143 tertiae,
1424 2073 1553 2148 denique
1572 2072 1698 2148 fragmen-

386 2182 449 2234 tum
471 2175 621 2252 quoddam
642 2195 701 2233 non
725 2175 824 2251 magni
847 2174 933 2250 pretii
957 2174 1102 2246 alienum,
1126 2173 1240 2232 scilicet
1260 2173 1380 2233 tabulae
1401 2193 1507 2234 aereae
1529 2173 1646 2232 Italicae
1664 2191 1699 2230 re·

317 2286 322 2297 “
386 2287 512 2356 penum,
534 2277 616 2354 quod
636 2277 716 2336 inira
737 2276 884 2350 dabimus,
906 2285 1141 2353 repraesentant.

470 2380 506 2438 In
534 2379 665 2440 editione
691 2379 722 2438 id
744 2379 934 2456 potissimum
957 2387 1111 2456 spectasse
1134 2396 1167 2436 ee
1189 2378 1341 2458 Berlanga
1362 2379 1417 2454 ait,
1433 2369 1478 2438 'ut
1500 2389 1613 2439 textum
1633 2379 1700 2438 tabu·
1755 2367 1756 2452 ]

385 2483 484 2541 larum
507 2482 663 2541 exhiberet
683 2499 774 2558 quarn
796 2481 1022 2540 accuratissime
1044 2489 1074 2538 et
1094 2480 1268 2540 fidelissime
1290 2499 1477 2558 expressum,
1504 2501 1628 2559 eumque
1646 2501 1699 2557 pro·
1755 2481 1756 2492 ¹

386 2585 482 2643 misso
512 2585 633 2643 stetisse
661 2603 711 2643 res
739 2584 809 2661 ipsa
834 2583 934 2655 docet;
962 2584 1015 2642 vix
1042 2583 1120 2642 onim
1150 2599 1292 2659 umquam
1321 2584 1392 2642 talis
1414 2585 1545 2644 ambitus
1566 2585 1700 2660 inscriptio

387 2686 505 2745 videtur
530 2695 756 2764 repraesentata
783 2703 851 2744 esse
876 2685 907 2744 in
934 2685 1002 2763 ipsa
1023 2685 1154 2744 editione
1177 2686 1311 2762 principe
1333 2695 1392 2744 tam
1415 2696 1494 2746 recte
1516 2695 1547 2746 et
1567 2688 1700 2762 castigate.

388 2787 477 2862 Quod
502 2789 534 2846 in
560 2787 782 2848 commentariis
811 2806 870 2846 non
897 2787 999 2846 omnia
1024 2795 1102 2846 reete
1130 2797 1287 2846 assecutus
1315 2799 1362 2848 est
1388 2788 1498 2864 editor,
1524 2790 1556 2847 id
1581 2791 1610 2848 in
1634 2799 1702 2847 unu

386 2892 430 2949 rei
459 2892 590 2950 novitate
617 2898 648 2949 et
674 2892 804 2950 maxime
829 2889 859 2948 in
881 2889 1021 2948 luctuosa
1042 2907 1118 2966 qnae
1140 2890 1198 2948 fuit
1219 2909 1255 2949 eo
1276 2899 1410 2967 tempore
1432 2889 1598 2969 Hispaniae
1618 2889 1701 2949 eondi-

387 2992 472 3050 cione
493 3010 682 3069 nequaquam
705 2993 731 3050 ei
754 2993 826 3050 vitio
843 3001 958 3051 vertent
977 2992 1107 3051 lectores
1129 2993 1226 3069 periti.
1262 2993 1358 3052 Immo
1380 2993 1551 3054 tabularum
1568 2993 1701 3053 dominum

385 3095 505 3154 laudem
532 3095 589 3153 sibi
610 3093 764 3171 peperisse
785 3113 847 3153 non
868 3096 1056 3153 interituram
1077 3093 1237 3154 vindicatis
1259 3096 1297 3154 iis
1320 3096 1358 3153 ab
1381 3096 1519 3168 interitu,
1545 3116 1601 3156 nec
1620 3097 1701 3154 miuus

277 3249 281 3256 .
386 3198 463 3256 bene
490 3185 643 3255 meruisse
663 3195 699 3256 de
726 3198 798 3255 orbe
823 3198 989 3256 litterarum
1017 3191 1157 3256 universo
1183 3197 1327 3255 editorem
1350 3205 1438 3256 antea
1459 3217 1580 3275 quoque
1600 3207 1703 3277 propter
1756 3259 1757 3288 1

387 3299 499 3358 similia
526 3298 672 3358 beneficia
698 3299 778 3374 apud
805 3317 876 3359 suos
902 3308 1083 3376 exterosque
1110 3300 1217 3358 merito
1238 3299 1418 3358 celebratum
1440 3311 1526 3378 grato
1549 3302 1644 3360 animo
1663 3315 1703 3374 sg-
1756 3289 1757 3376 l

386 3409 513 3460 noscent
537 3402 709 3478 quicunque
735 3411 927 3460 monumenta
952 3401 1027 3460 haee
1053 3401 1183 3478 insignia
1207 3402 1238 3460 in
1263 3402 1361 3462 lucem
1389 3403 1540 3480 prodiisse
1565 3403 1702 3463 nobiscum
1756 3381 1757 3386 ἵ

387 3501 568 3580 gaudebunt.
1468 3509 1475 3522 '

470 3604 578 3664 Prodit
602 3605 682 3665 infra
703 3613 805 3664 textus
826 3624 845 3662 a
865 3605 1068 3680 Mommseno,
1095 3605 1138 3664 uti
1158 3625 1215 3684 par
1236 3615 1314 3680 erat,
1342 3607 1523 3668 constitutus
1550 3628 1614 3668 curn
1635 3606 1704 3665 brevi

387 3708 451 3766 eius
478 3709 705 3780 commentari03
734 3724 789 3784 ego
815 3725 913 3784 panea
939 3707 1096 3768 additurus
1123 3727 1191 3767 sum
1218 3709 1255 3768 de
1280 3709 1377 3770 forma
1402 3710 1571 3770 tabularum
1597 3720 1705 3770 externa

387 3828 550 3887 earumque
573 3811 729 3888 scriptura.

472 3911 608 3972 Tabulae
631 3923 701 3972 sunt
722 3921 795 3982 tres,
816 3930 944 3988 quarum
967 3913 1063 3990 prima
1085 3912 1171 3992 larga
1191 3925 1238 3972 est
1259 3933 1297 3974 m.
1314 3915 1429 3988 0.93it,
1451 3915 1514 3976 alta
1535 3917 1635 3995 paullo
1648 3913 1704 3992 plus

388 4015 471 4088 0.b9,
495 4013 626 4073 secunda
645 4014 731 4092 larga
752 4015 835 4086 0.68‚
858 4015 921 4074 alta
941 4015 1023 4088 0.59‚
1047 4014 1134 4073 tertia
1154 4015 1240 4094 larga
1261 4017 1376 4091 0.93Ι4,
1398 4017 1460 4076 alta
1475 4019 1562 4091 0.60;
1584 4019 1705 4078 videntur

386 4116 480 4192 igitur
505 4134 610 4176 omnes
637 4117 708 4175 olim
731 4135 791 4176 uno
813 4117 918 4176 ordine
940 4117 1057 4192 publice
1079 4119 1235 4193 expositae
1257 4119 1360 4177 fuisse.
1405 4118 1535 4181 Ordines
1557 4122 1705 4198 scripturae

387 4218 485 4294 prima
506 4217 610 4276 tabula
630 4219 719 4276 babet
740 4227 800 4278 tres
824 4237 961 4278 versuum
985 4219 1025 4278 34
1047 4228 1077 4276 et
1098 4218 1137 4278 36
1153 4229 1183 4277 et
1199 4219 1247 4291 37,
1274 4220 1406 4279 secunda
1427 4222 1503 4281 duos
1526 4241 1659 4283 versuum
1673 4218 1704 4276 36

388 4329 418 4378 et
440 4320 489 4392 37,
512 4321 600 4378 tertia
621 4333 683 4379 tres
704 4339 863 4379 versunum
887 4321 926 4380 48
943 4330 973 4379 et
987 4319 1025 4379 52
1040 4329 1071 4379 et
1089 4321 1139 4392 473
1161 4323 1193 4380 in
1207 4321 1264 4380 hac
1278 4323 1401 4382 secundi
1417 4323 1530 4382 ordinis
1554 4345 1582 4384 v.
1596 4317 1704 4382 32-52

387 4431 417 4478 et
439 4422 518 4480 tertii
541 4443 569 4482 v.
580 4423 687 4491 ,1-13
716 4422 834 4480 exarati
855 4430 927 4481 sunt
946 4423 1057 4482 litteris
1079 4423 1257 4483 minoribus.
1300 4425 1419 4485 Tabula
1440 4427 1575 4487 secunda
1594 4427 1705 4504 primam

387 4523 554 4595 continust3
577 4525 656 4583 inter
677 4524 839 4584 secundam
861 4525 1038 4600 tertiamque
1060 4525 1163 4584 tabula
1184 4545 1244 4585 una
1264 4519 1407 4603 pluresve
1428 4529 1611 4589 exciderunt.
1645 4527 1707 4604 Ipsa

387 4643 458 4684 aera
483 4627 599 4703 integra
625 4625 688 4685 fare
714 4625 752 4683 ad
778 4645 833 4684 nos
859 4635 1075 4705 pervenerunt;
1102 4647 1171 4687 nam
1197 4628 1228 4686 in
1250 4628 1317 4706 solo
1343 4629 1432 4688 tertio
1459 4630 1605 4692 elementa
1630 4645 1707 4707 quae

388 4727 456 4786 dam
478 4727 509 4786 in
530 4727 662 4788 fractura
682 4729 836 4807 perierunt
855 4729 986 4790 maxime
1006 4731 1037 4789 in
1052 4728 1159 4789 mediis
1174 4731 1312 4790 versibus
1329 4730 1358 4804 t,
1373 4729 1497 4792 42-52
1520 4732 1706 4806 extremisque

388 4829 418 4900 8,
434 4829 567 4888 44-47.

470 4931 606 4990 Tabulas
631 4933 758 5010 primam
784 4943 815 4992 et
840 4934 964 4993 alteram
992 4953 1080 4993 unam
1106 4934 1178 4993 olim
1205 4933 1341 4994 effecisse
1368 4936 1501 4996 fractura
1525 4936 1592 5014 ipsa
1610 4931 1705 5008 margi·

388 5050 460 5090 num
486 5032 602 5092 dexteri
628 5034 754 5094 alterius
781 5035 963 5112 alteriusque
989 5036 1068 5094 laevi
1095 5037 1181 5094 docet
1207 5038 1251 5096 ita
1277 5047 1309 5094 ut
1335 5056 1355 5096 a
1375 5037 1528 5118 Berlanga
1549 5053 1704 5117 repraesen-

387 5140 467 5192 tatur
494 5133 628 5210 (scilieet
654 5137 752 5195 minor
778 5156 864 5215 pars,
891 5137 994 5197 tabula
1021 5137 1131 5209 altera,
1157 5138 1187 5195 vi
1215 5139 1322 5198 avulsa
1350 5149 1398 5198 est
1425 5160 1445 5198 a
1469 5141 1610 5218 maiore),
1636 5135 1705 5214 quod

388 5236 582 5295 confirmatur
603 5237 717 5297 diserto
738 5239 864 5300 editoris
885 5239 1055 5299 testimonio
1078 5239 1122 5316 (p.
1138 5239 1178 5298 35
1200 5239 1268 5299 libri
1284 5240 1374 5318 eius).
1409 5241 1530 5303 Tabula
1550 5242 1635 5302 tertia
1648 5257 1705 5299 cnm
