3580 5938
420 557 468 625 84
1015 569 1166 630 nunnus

501 748 582 806 Inter
609 751 788 826 cognomina
814 761 932 825 praeter
959 759 1073 827 septem
1096 753 1163 822 illa,
1191 772 1266 828 quae
1289 752 1379 810 etiam
1401 750 1522 808 nomina
1543 747 1631 804 fuisse
1650 747 1719 803 modo

418 850 561 921 vidimus,
590 853 720 929 quinque
747 853 789 911 its
813 854 941 912 formata
969 864 1054 925 sunt,
1082 864 1115 912 ut
1141 855 1260 932 possint
1287 855 1376 912 etiam
1404 871 1423 909 a
1448 849 1616 908 nominibus
1639 848 1664 905 in
1688 853 1720 902 iu

420 953 555 1012 derivata
577 973 659 1013 essa:
718 986 728 992 -
972 1021 974 1026 Ι

773 1057 946 1117 Italicianus
1190 1059 1364 1116 Turasianus

774 1160 922 1220 Parianus
1134 1181 1145 1218 s
1196 1161 1359 1220 Volusianus

773 1262 921 1338 Neptunus

418 1433 478 1494 Sed
500 1435 632 1494 Italicius
647 1438 755 1512 Repius
777 1438 832 1495 vix
853 1440 1052 1516 reperientur;
1073 1410 1262 1496 ¹'I'orasianus
1284 1459 1302 1496 a
1317 1437 1447 1496 Torasio
1469 1434 1624 1513 proficisci,
1642 1451 1721 1490 nona

417 1539 569 1598 Taurasia
590 1540 700 1617 oppido
723 1547 840 1598 vetusto
869 1560 906 1599 ex
934 1541 1032 1617 elogio
1055 1538 1207 1615 Scipionis
1230 1539 1355 1598 Barbati
1382 1539 1507 1610 senioris
1535 1545 1619 1606 noto,
1642 1555 1721 1593 exem·

417 1640 499 1717 plum
532 1642 631 1719 ipsum
664 1641 786 1700 indicat.
836 1643 971 1700 Baianus
999 1643 1159 1700 Bricianus
1187 1643 1340 1700 Dasianus
1368 1641 1542 1700 Hadrianus
1570 1639 1721 1698 Varusianus

417 1761 488 1802 casu
514 1745 617 1803 eodem
644 1745 733 1803 modo
761 1745 889 1804 formata
916 1745 953 1802 sd
980 1745 1072 1804 Baias
1101 1745 1238 1803 Brixiam
1260 1744 1388 1804 Daciam
1411 1741 1557 1802 Hadriam
1581 1742 1720 1802 Venusiam

418 1847 481 1903 sine
504 1846 593 1904 dubio
615 1847 773 1905 reserenda
795 1857 878 1920 sunt3
906 1848 1102 1910 Herculaneus
1125 1856 1155 1906 et
1176 1847 1391 1906 Praetuttianus
1413 1847 1508 1923 ipsam
1531 1844 1722 1902 adiectiuorun

417 1948 603 2008 ethnicorum
630 1949 756 2008 sormam
783 1950 924 2009 referunt.
968 1949 1031 2008 Pro
1057 1950 1253 2025 Maponianus
1280 1948 1407 2007 fortasse
1435 1945 1647 2005 emendandum
1671 1963 1721 2002 esse

417 2050 610 2126 Mapontanus
634 2051 705 2109 dixi.

499 2153 549 2210 Ex
577 2153 748 2212 nominibus
776 2153 805 2210 io
835 2159 917 2212 anius
944 2165 1062 2232 praeter
1089 2174 1139 2225 ea,
1167 2173 1244 2229 quac
1269 2173 1336 2212 cum
1359 2151 1588 2228 cognominibus
1608 2152 1636 2208 in
1656 2155 1722 2206 ianus

416 2256 475 2313 iam
502 2255 670 2332 composui,
697 2256 755 2313 huc
782 2256 930 2331 pertinent
949 2258 1096 2316 Baianius
1118 2277 1183 2315 cum
1206 2256 1323 2314 Baiano
1346 2254 1521 2333 cognomine
1544 2263 1574 2310 ct
1594 2253 1722 2312 Maianius

416 2357 638 2428 Trebellianus,
666 2375 793 2433 quorum
820 2376 875 2416 nec
900 2360 1050 2418 nominum
1078 2378 1132 2417 nec
1158 2359 1368 2435 cognominum
1393 2357 1425 2414 in
1446 2375 1519 2416 anus
1546 2355 1654 2414 formae
1676 2353 1721 2431 pri·

416 2460 529 2518 mariae
552 2461 651 2518 adhuc
672 2467 809 2536 repertae
828 2471 907 2520 sunt.

498 2563 581 2619 Inter
609 2579 664 2620 sex
686 2569 716 2619 et
738 2565 927 2639 septuaginta
949 2564 1101 2622 nominum
1123 2564 1153 2620 in
1176 2581 1263 2636 anus,
1291 2581 1349 2620 non
1372 2563 1403 2620 in
1426 2565 1524 2631 ianus,
1553 2562 1722 2619 formatorum
1769 2593 1770 2632 p

416 2664 554 2741 exempla
576 2665 636 2722 duo
659 2683 677 2722 a
698 2665 871 2742 regionibus
895 2666 1030 2724 derivata
1051 2685 1106 2724 usu
1128 2667 1217 2724 etiam
1240 2664 1416 2741 cognomina
1436 2665 1572 2722 suerunt:
1769 2641 1770 2680 i

770 2825 931 2901 Africanus
1183 2825 1321 2884 Lucanus

415 2985 485 3042 item
509 2986 546 3042 ab
570 2985 689 3062 oppidis
712 2985 847 3044 derivata
868 2973 1020 3045 undecim¹

772 3143 905 3202 Albanus
1183 3143 1339 3202 Norbanus

772 3245 904 3304 Bolanus
1183 3246 1323 3304 Nouanus

773 3349 926 3406 Firmanus
1182 3347 1360 3406 Puteolanus

771 3449 938 3508 Labicanus
1114 3469 1140 3508 ιο
1184 3447 1316 3508 Soranus

719 3571 730 3608 s
771 3553 997 3630 Neapolitanus
1190 3551 1371 3627 Venafranus

772 3655 967 3712 Nomentanus
1416 3729 1420 3736 .

416 3807 624 3885 septendecim
647 3818 708 3867 tam
729 3808 760 3866 in
782 3829 855 3867 anus
876 3810 1006 3868 formata
1026 3808 1217 3886 reperiuntur
1238 3801 1328 3885 q'uam
1350 3809 1381 3868 in
1404 3813 1488 3867 anius
1509 3809 1601 3869 haec:

772 3971 938 4046 Aequanius
1116 3987 1142 4027 ιο
1183 3969 1334 4028 Novanius

771 4075 942 4149 Africanius
1185 4073 1313 4132 Oranius

770 4175 914 4232 Albanius
1183 4173 1374 4252 Supssjanius

771 4277 928 4353 Carsanius
1182 4277 1346 4335 laricanus

720 4396 732 4433 s
776 4377 917 4436 Coranius
1191 4379 1381 4454 Venafranius

769 4479 953 4538 Distaians'us
1113 4499 1138 4538 ts
1189 4482 1344 4556 Vipsanius

771 4583 937 4640 dirmuniua
1186 4583 1354 4658 Vipstauius

770 4682 919 4742 Luranius
1184 4683 1362 4760 Urpuianius
1430 4744 1432 4752 ,

769 4785 935 4844 Norbanius

414 4939 522 5016 Neque
554 4959 625 5000 vero
654 4942 824 5000 necessario
851 4941 919 4999 inde
948 4941 1131 4999 concluseris
1160 4942 1234 4999 haec
1262 4944 1362 5002 omnia
1389 4943 1525 5002 derivata
1553 4961 1619 5004 esse
1644 4949 1726 5011 suta

414 5042 584 5100 nominibus
611 5043 641 5100 in
664 5063 736 5101 anus
764 5052 815 5100 aut
841 5063 860 5099 a
886 5043 1112 5118 cognominibus
1140 5043 1227 5120 (nam
1252 5045 1384 5104 Albanus
1405 5045 1564 5104 Finnanus
1586 5045 1725 5103 Norbanus

415 5143 556 5202 Nouanus
580 5143 759 5220 Venafranus
785 5144 874 5202 modo
897 5144 1024 5203 vidimus
1046 5146 1135 5203 stiam
1158 5148 1336 5224 cognomina
1356 5147 1481 5224 fuisse);
1510 5148 1564 5206 scd
1586 5146 1677 5224 potuit
1695 5143 1725 5198 ab

415 5245 519 5304 eadem
540 5245 638 5304 radice
661 5257 784 5322 utruque
806 5247 959 5304 nominum
981 5248 1086 5322 fornia,
1109 5247 1139 5306 in
1162 5267 1235 5308 anus
1256 5251 1338 5308 etin
1359 5254 1454 5324 arrius,
1476 5251 1616 5308 derivari.
