3530 5932
510 585 621 636 nnsm
646 585 728 636 ran.
755 583 883 633 usura.
1314 564 1359 633 97

60 759 102 816 uisi
120 775 278 835 cognomen
300 757 380 816 dant.
423 757 540 818 Ultima
561 758 660 816 littera
677 773 699 815 0
721 775 803 815 more
826 757 857 814 in
879 755 1005 832 lapideis
1027 755 1115 813 fastis
1138 755 1272 830 legitimo
1294 774 1363 831 sup·

60 867 222 936 promereat,
249 879 286 918 ne
309 860 460 936 scriptura
481 860 590 918 lineam
613 860 777 917 excederet.
822 855 874 917 Sic
895 856 1118 934 incapitolinis
1140 873 1275 916 monrau
1291 888 1298 902 ·
1312 873 1364 916 cn·

60 961 166 1032 motis,
187 961 504 1033 asQrttlrs-nvuvnm
527 959 576 1037 (C.
593 962 617 1020 Ι.
632 961 668 1019 L.
688 961 703 1018 1
725 981 754 1038 p.
771 958 862 1036 426),
891 971 980 1036 atque
1001 961 1044 1019 ita
1065 978 1162 1037 porro.
1209 961 1249 1018 M.
1266 959 1364 1018 Hora-

60 1065 113 1120 tium
131 1063 278 1121 consulem
303 1081 329 1120 a
347 1063 407 1121 305
431 1064 541 1140 duplici
558 1064 736 1140 cognomine
751 1080 921 1122 usumtcsse
943 1047 999 1120 hoc
1020 1063 1149 1140 primurn
1172 1074 1363 1122 monumento

59 1166 184 1223 discimus.
229 1165 325 1241 quue
353 1185 389 1222 eo
417 1166 512 1243 magis
539 1175 657 1241 praeter
685 1165 941 1240 exspectationem
970 1165 1094 1236 accidit,
1127 1165 1206 1240 quud
1240 1165 1364 1224 alterins

59 1267 164 1325 eiusdem
185 1269 256 1324 anni
279 1267 414 1326 consulis
436 1266 472 1324 L.
485 1267 599 1326 Valerii
621 1287 711 1326 unum
734 1274 848 1325 tantum
870 1267 901 1326 hi
923 1267 994 1326 fasti
1016 1285 1179 1345 cognomen
1203 1267 1347 1326 exhibent
1355 1288 1364 1338 ;

58 1387 125 1442 quem
144 1369 329 1446 Poplicolam
352 1369 484 1428 Potitum
511 1382 579 1428 acta
604 1370 822 1447 triumphorum
849 1371 1002 1448 appellant
1030 1371 1064 1445 (l.
1081 1389 1105 1427 c.
1128 1389 1157 1445 p.
1173 1369 1259 1446 454).
1304 1367 1364 1430 Sed

58 1489 235 1547 quaecumque
258 1491 351 1531 causa
369 1472 469 1542 suerit,
491 1491 543 1529 cur
557 1473 699 1530 maiorem
715 1474 746 1530 in
761 1471 880 1532 Horatii
902 1491 992 1549 quam
1013 1472 1044 1530 in
1056 1472 1170 1530 Valerii
1192 1473 1363 1530 nominibus

58 1572 215 1648 diligentiam
237 1584 343 1632 auctor
364 1585 466 1634 noster
486 1575 686 1652 praestiterit,
715 1574 751 1632 de
772 1596 805 1633 re
826 1577 894 1653 ipsa
915 1583 945 1633 et
966 1575 1002 1632 de
1024 1583 1143 1650 reperto
1165 1574 1277 1650 duplici
1301 1572 1371 1690 Ηορ

58 1675 107 1732 ratii
125 1676 297 1752 cognomine
327 1677 437 1753 ambigi
464 1676 552 1754 plane
574 1676 685 1753 nequit.
730 1676 818 1736 Nunc
839 1679 929 1754 quale
950 1677 1026 1736 illud
1048 1695 1213 1754 cognomen
1236 1678 1292 1748 sit,
1321 1696 1364 1735 vt-

58 1776 164 1836 deamus.
196 1777 361 1853 Quaerenti
382 1798 547 1856 cognomen
568 1781 597 1837 in
613 1794 725 1838 narnvs
748 1780 887 1838 desinens
908 1782 996 1860 plura
1017 1781 1118 1838 statim
1141 1789 1306 1849 occurrent,
1330 1787 1365 1836 ut

57 1895 172 1951 canava,
203 1896 360 1954 maninus,
393 1882 519 1954 similia,
552 1883 606 1940 sad
638 1901 674 1940 ea
706 1882 931 1958 antiquissimae
963 1883 1004 1941 M.
1030 1881 1151 1940 Horatii
1184 1883 1276 1940 aetati
1310 1881 1363 1939 vix

58 1982 114 2038 sctis
145 1983 360 2042 convenientia.
415 1983 500 2057 Quae
536 1983 676 2042 desinunt
710 1985 741 2041 in
778 2000 1000 2044 ....snrnvs
1036 1985 1228 2061 cognomina,
1261 1971 1365 2042 Verri-

56 2101 112 2152 nus,
137 2084 298 2155 Turrinus,
329 2085 389 2144 alia
415 2085 532 2163 (nequa
560 2085 639 2144 enim
670 2086 791 2162 singula
822 2086 1005 2164 persequor)
1034 2087 1241 2164 antiquitatem
1268 2087 1366 2162 magis

56 2185 173 2244 redolent.
219 2187 383 2246 Turrinum
406 2188 562 2247 consulum
589 2188 660 2246 fasti
687 2188 815 2247 offerunt
836 2210 863 2248 a.
879 2211 907 2248 u.
924 2209 948 2248 c.
966 2190 1035 2249 515.
1079 2188 1111 2246 Is
1141 2190 1172 2246 in
1194 2188 1366 2265 capitolinis

55 2287 144 2346 tabulis
158 2290 301 2347 scribitur
316 2305 517 2349 eusanius
530 2322 536 2334 ·
550 2307 592 2362 Q·
603 2307 619 2348 s
632 2321 639 2334 ·
652 2306 695 2361 o„-
707 2308 729 2349 rc
743 2293 917 2351 -Wnntnvs
934 2293 966 2368 (l.
981 2311 1005 2349 c.
1022 2309 1050 2366 p.
1064 2289 1150 2366 435).
1183 2289 1251 2350 Hoc
1265 2291 1365 2367 ipsum

55 2385 152 2446 Turrioi
172 2409 340 2466 cognomen
362 2393 403 2450 M.
419 2391 546 2450 Horatio
569 2412 595 2451 a.
619 2393 678 2452 305
705 2395 822 2452 consuli
849 2394 991 2453 feriarum
1016 2393 1178 2451 latinarum
1200 2393 1368 2470 fragmenta

54 2507 105 2546 cum
123 2491 247 2551 Diodori
270 2495 361 2552 siculi
383 2494 469 2553 fastis
491 2495 603 2554 collata
625 2513 692 2553 meo
714 2496 824 2555 iudicio
846 2497 1008 2555 vindicant.
1053 2495 1181 2553 Diodori
1205 2494 1290 2570 (XII,
1312 2494 1366 2570 26)
1417 2551 1420 2558 ⁴

55 2593 151 2650 codices
162 2594 190 2670 ¹)
215 2597 285 2654 anui
309 2597 368 2656 305
392 2597 530 2655 consules
552 2599 609 2656 hoc
630 2597 735 2657 ordine
756 2607 884 2677 ponunt:

484 2759 602 2847 Κᾶγκος
621 2762 753 2855 ‘Optimos

484 2867 604 2936 Λεύκιος
625 2865 779 2958 Οὐαλέριος
797 2865 958 2958 Τοῦρπινος.

57 3058 83 3115 ln
101 3061 214 3123 Horatii
235 3064 430 3141 praenomine
453 3085 537 3125 error
557 3067 751 3126 manifestus:
780 3066 832 3125 sed
854 3066 988 3125 codicum
1009 3073 1158 3124 vetustate
1179 3075 1209 3124 et
1230 3065 1368 3126 librario·

56 3179 106 3219 rum
124 3165 240 3226 inscitia
263 3157 383 3242 Κάγκος
404 3168 514 3227 iactum
537 3159 689 3252 eMa'pnoc
710 3188 798 3228 nemo
820 3170 935 3244 peritus
957 3168 1123 3227 mirabitur.
1155 3169 1250 3227 Multo
1272 3169 1369 3228 maior

55 3273 78 3318 et
93 3267 168 3326 cuius
191 3289 251 3327 non
274 3269 352 3328 adeo
375 3269 463 3346 plane
484 3271 570 3330 reddi
592 3271 669 3329 ratio
689 3271 789 3348 possit
809 3271 979 3348 corruptela
1001 3279 1048 3329 est
1061 3271 1249 3348 cognominis
1263 3271 1368 3330 L.Va-

55 3363 114 3440 larii,
134 3370 182 3446 qui
204 3391 273 3430 cum
295 3373 412 3432 Ποτῖτος
437 3364 580 3431 fueritin
603 3373 731 3431 Diodori
754 3373 906 3433 codicibus
929 3372 1037 3432 dicitur
1059 3365 1222 3454 Too'pmvcc.
1255 3373 1368 3432 Verum

55 3468 74 3522 si
96 3472 221 3532 attendes
248 3464 402 3556 Tociprrwoc
427 3494 447 3532 a
467 3470 615 3560 Τουρῥῒνος
642 3477 693 3534 vix
719 3477 877 3552 quicquam
904 3475 1031 3547 distare,
1064 3475 1121 3534 bac
1146 3475 1274 3533 lectione
1301 3493 1368 3534 cum

56 3565 191 3632 latinarum
214 3575 303 3634 saetis
319 3576 437 3650 collata,
460 3579 577 3653 opinor,
599 3578 756 3654 intelleges
779 3577 919 3636 librarios
942 3576 982 3634 M.
999 3577 1119 3635 Horatii
1141 3596 1309 3655 cognomen
1331 3579 1369 3637 ad

56 3667 82 3726 L.
91 3671 233 3736 Valerium
256 3679 457 3751 transtulisse,
484 3687 513 3737 ct
534 3680 566 3738 in
587 3679 723 3738 Diodoro
746 3669 861 3760 Melpum
880 3668 1012 3762 Ὁράτιος
1034 3673 1188 3758 Τουρῥῖνος,
1216 3681 1248 3739 in
1269 3681 1369 3757 lapido

56 3781 455 3840 anenno-name
482 3782 589 3840 tanain
622 3800 691 3842 esse
723 3781 917 3842 restituenda.
966 3781 1045 3840 Tam
1076 3801 1177 3841 rarum
1205 3801 1369 3860 cognomen

58 3873 88 3930 ll.
101 3875 225 3940 lloratio
247 3883 278 3941 in
300 3883 369 3960 ipso
391 3884 521 3944 fortasse
543 3884 700 3943 consulatu
722 3895 751 3944 et
764 3884 915 3959 triumphu
931 3901 998 3942 esse
1021 3883 1200 3943 adtributum
1223 3885 1370 3962 quaedam

55 3977 113 4036 mibi
133 3985 488 4065 coniecturasuggessit.
532 3986 590 4044 Ille
613 3987 689 4046 enim
714 3988 749 4046 de
766 3985 887 4046 Sabinis
910 3986 1120 4063 triumphavit3
1143 3987 1224 4046 etin
1248 3985 1369 4046 Sabinis

56 4077 225 4144 labinudinm
248 4098 295 4146 est
313 4087 408 4160 Torri,
430 4089 584 4165 pelasgici‚
607 4097 641 4148 ut
662 4089 801 4166 Nibbyus
825 4089 897 4160 vult,
920 4089 1025 4165 templi
1046 4090 1174 4166 aliisque
1197 4107 1368 4149 monumen·

56 4191 135 4243 toron
156 4189 252 4248 ruinis
280 4190 468 4250 nobilitatum
497 4190 624 4268 (Nibby‚
651 4191 791 4250 Diocoroi
817 4193 848 4249 di
868 4193 960 4249 Romo
981 4192 1006 4262 Ι,
1029 4191 1122 4268 538);
1149 4193 1231 4268 quod
1257 4192 1370 4251 Turrim

56 4293 235 4348 eternitatem
260 4296 408 4370 antiquom
434 4293 525 4352 Gabia
551 4304 654 4352 vetera
680 4293 837 4352 Farfensis
866 4294 1000 4352 coenobii
1026 4293 1191 4368 diplomata
1217 4295 1372 4372 appellant

56 4383 195 4466 (Galletti,
225 4393 316 4453 Gabia
344 4399 439 4454 antica
466 4399 534 4455 cittd
561 4397 640 4455 della
662 4394 775 4454 Sabino
802 4407 934 4471 cooperta
962 4415 1010 4454 oua
1035 4398 1050 4453 d
1072 4415 1125 4455 ora
1149 4396 1246 4467 Tomi,
1274 4395 1371 4454 Roma

60 4487 146 4567 libi).
189 4493 304 4568 Quidni
325 4497 417 4574 igitur
438 4509 597 4575 utrumque
619 4498 686 4562 loci
701 4517 809 4556 nomen
831 4498 985 4574 antiquum
1002 4499 1042 4556 sit
1063 4508 1092 4555 et
1110 4497 1151 4556 M.
1166 4497 1312 4557 Horatius
1335 4518 1370 4557 eo

57 4587 111 4647 loco
134 4593 262 4658 Sabinos
291 4599 416 4672 fuderit,
450 4600 620 4677 idcircoque
650 4600 799 4658 Turrinus
832 4600 957 4658 honoris
990 4617 1082 4657 causa
1114 4600 1154 4658 sit
1181 4599 1370 4677 appellatus?

57 4686 121 4751 lluic
142 4707 240 4757 tamen
259 4702 450 4760 coniecturae
472 4702 639 4778 Dionysius
662 4713 693 4761 et
714 4701 820 4760 Livius
846 4721 950 4778 parum
973 4701 1088 4775 favent3
1118 4703 1169 4780 qui
1192 4695 1372 4762 Sabinorum

58 4807 142 4854 castra
167 4799 250 4860 circa
269 4802 393 4861 Eretum
423 4805 537 4862 munita
562 4811 699 4875 narrant3
729 4803 836 4862 Turris
857 4823 930 4863 vero
953 4813 1068 4882 septem
1089 4803 1206 4864 circiter
1225 4823 1371 4882 passuum

59 4895 172 4960 millibus
194 4919 286 4980 supra
306 4905 429 4964 Eretum
452 4906 511 4964 sita
531 4905 630 4966 Roma
650 4906 771 4984 lougius
793 4907 887 4966 abest.

62 5049 248 5068 ''h-*-

125 5177 146 5240 r)
167 5179 382 5248 [Antiquissimus
401 5187 516 5236 omnium
535 5185 622 5237 Patmi
641 5199 723 5250 nuper
741 5192 856 5250 repertus
875 5185 925 5234 boc
943 5186 1001 5234 loco
1021 5199 1037 5236 a
1054 5185 1203 5250 vulgaribus
1223 5199 1254 5236 au
1273 5191 1373 5236 tantum

62 5265 160 5336 dbctdit,
180 5276 252 5341 qaod
270 5277 305 5326 ibi
323 5283 362 5328 est
380 5266 473 5346 scipsas
492 5268 604 5348 ὦρᾶτιον.
646 5277 699 5328 Tu.
712 5276 762 5341 Μ.]

1129 5367 1146 5426 7
