3580 5938
390 546 437 615 42

981 558 1130 619 HllBNER

388 735 606 798 Nosrsnrnnvs
634 739 827 799 Nomentanus
851 741 958 818 aliquis
980 742 1109 819 primum
1131 745 1299 802 nominatur
1320 744 1367 803 bis
1389 744 1419 804 in
1442 744 1536 804 altero
1559 747 1706 804 satirarum

656 857 661 864 ·
717 841 939 902 Lucilianarum
961 844 1038 903 libro
1061 844 1107 918 (11
1123 845 1140 904 6
1156 843 1219 904 et8
1242 847 1351 924 Mati).

631 942 840 1005 Nomentanus
861 946 980 1006 Horatii
1002 948 1118 1006 abhoc
1140 948 1276 1006 diversus
1298 948 1333 1007 L.
1358 947 1485 1008 Cassius
1508 948 1705 1010 Nomentanus

531 1039 533 1042 ’
633 1047 841 1124 appellabatur
863 1050 1024 1108 secundum
1047 1049 1161 1108 scholia
1184 1049 1221 1108 ad
1244 1052 1464 1124 sat.1,1‚101
1490 1061 1519 1110 et
1541 1053 1636 1125 8‚11.
1676 1054 1706 1110 In

383 3200 558 3260 Nonsnnvs

634 1149 749 1209 scholio
776 1151 814 1208 ad
836 1150 869 1224 2,
893 1155 923 1223 1,
944 1150 983 1210 11
1005 1151 1114 1210 Lucilii
1137 1170 1244 1212 nomeu
1267 1153 1440 1212 mutandum
1466 1155 1497 1212 in
1520 1153 1640 1214 Horatii
1667 1155 1708 1230 (ut

633 1253 741 1311 docent
761 1255 852 1311 verba
872 1258 901 1312 in
920 1259 1020 1331 priore
1043 1255 1127 1331 libro)
1151 1264 1202 1313 aut
1223 1255 1381 1314 delendum
1402 1257 1522 1316 omnino
1544 1275 1613 1315 cum
1629 1255 1661 1316 G.
1676 1256 1706 1315 F.

632 1354 805 1415 Hermanno
832 1357 864 1415 in
889 1357 1001 1416 nuntiis
1024 1355 1160 1434 Gotting.
1188 1377 1215 1417 a.
1235 1359 1312 1418 1843
1338 1379 1367 1442 p.
1384 1357 1443 1418 379
1471 1369 1501 1418 et
1520 1358 1707 1418 Lachmanno

632 1459 662 1516 in
695 1459 848 1536 prooemio
876 1479 902 1518 a.
933 1458 1020 1518 1849.
1074 1459 1208 1520 Eundem
1236 1459 1472 1534 Nomentanum,
1500 1462 1585 1520 cuins
1611 1480 1707 1521 cocum

633 1559 793 1620 Sallustius
815 1561 973 1620 historicus
995 1572 1116 1634 emerat,
1140 1561 1255 1624 Seneca
1277 1564 1313 1623 de
1336 1565 1397 1622 rita
1417 1565 1507 1622 beata
1523 1565 1558 1622 11
1583 1583 1643 1623 aaa
1662 1582 1707 1621 no-

632 1663 725 1722 minat
747 1683 813 1722 cum
835 1664 953 1740 Apicio,
976 1665 1091 1723 scilicet
1111 1666 1152 1723 M.
1170 1663 1268 1725 Gavio
1282 1666 1391 1743 Apicio
1407 1667 1535 1743 Augusti
1558 1675 1588 1725 et
1603 1667 1708 1725 Tiberii

631 1766 751 1842 aequali
777 1765 890 1841 (nostra
911 1770 1044 1824 anemoria
1066 1763 1180 1826 Seneca
1202 1769 1239 1825 ad
1261 1767 1401 1828 Helviam
1425 1771 1485 1846 10).
1528 1769 1646 1828 Monuit
1667 1789 1707 1826 me

630 1866 667 1926 de
693 1869 740 1926 his
760 1868 919 1946 Hauptius.
964 1869 1070 1944 Itaque
1094 1870 1152 1927 hoc
1174 1878 1284 1928 certum
1307 1879 1354 1930 est
1375 1873 1561 1948 cognominis
1583 1871 1708 1930 Nomen·

632 1971 693 2030 tani
722 1972 891 2046 exemplum
921 1971 1054 2046 alioquin
1081 1972 1155 2043 rari3
1184 1973 1244 2030 nisi
1271 1973 1346 2032 forte
1371 1975 1402 2032 in
1431 1975 1550 2032 homine
1579 1975 1634 2032 illo
1659 1993 1707 2051 pro

630 2093 702 2131 vera
728 2075 842 2149 patriae
869 2073 1051 2132 indicatione
1078 2074 1254 2134 habendum.
1302 2074 1380 2136 Nam
1410 2077 1487 2135 inter
1513 2095 1573 2134 non
1601 2093 1707 2152 pancos

631 2173 757 2234 Cassiae
784 2176 881 2252 gentis
908 2175 1043 2253 plebeiae
1069 2177 1205 2236 homines
1229 2179 1297 2236 inde
1320 2197 1338 2235 a
1360 2178 1564 2237 sacculo'sere
1586 2179 1707 2256 septimo

631 2279 711 2354 apud
739 2278 898 2355 scriptores
926 2279 1096 2338 nominatos
1123 2299 1210 2338 nemo
1236 2269 1391 2356 praeterea
1418 2299 1453 2339 eo
1483 2298 1557 2339 usus
1581 2290 1637 2339 est.
1678 2281 1708 2338 ln

631 2381 753 2438 denario
776 2380 895 2457 quidem
917 2379 954 2438 L.
977 2381 1066 2439 Atilii
1088 2379 1177 2454 (0.1.
1194 2379 1231 2439 L.
1250 2383 1266 2439 Ι
1288 2381 1364 2454 3203
1388 2403 1413 2440 v.
1436 2383 1655 2442 Mommsenum
1675 2382 1707 2440 da

630 2501 662 2540 re
685 2484 852 2542 nummaria
872 2483 1075 2542 Romanorum
1099 2503 1126 2543 n.
1146 2483 1217 2560 116)
1240 2484 1334 2542 Nona.
1349 2527 1376 2542 ..
1399 2503 1564 2563 cognomen
1585 2493 1648 2544 tam
1667 2493 1708 2541 cst

630 2585 795 2662 singulare,
822 2595 855 2644 ut
880 2587 915 2645 de
937 2587 1063 2645 lectione
1085 2587 1148 2644 iure
1170 2585 1305 2646 dubitent
1326 2587 1424 2662 periti.
1467 2587 1540 2645 Alia
1561 2607 1623 2646 non
1644 2587 1708 2644 nori

629 2689 769 2764 exenrpla
790 2688 943 2764 aliquanto
965 2689 1107 2761 illustria;
1131 2690 1201 2748 notri
1222 2689 1272 2748 Cn.
1295 2688 1446 2764 Vir[es]urn
1467 2689 1598 2766 aliquem
1620 2688 1669 2748 Cn.
1681 2691 1706 2762 J.

628 2791 836 2849 Nomentanum
857 2792 886 2848 in
910 2809 986 2869 pago
1008 2791 1191 2850 Phuensium
1212 2791 1332 2875 Africae
1355 2810 1393 2849 ex
1410 2791 1548 2850 [lenierio
1569 2797 1657 2851 inser.
1678 2793 1708 2848 de

629 2892 720 2969 l’Alp.
744 2892 834 2952 2448.

671 2994 853 3055 Nomentani
866 2994 1016 3054 Luciliani
1038 3014 1146 3055 nomen
1169 2997 1325 3073 quominus
1344 2995 1526 3076 gentilicium
1541 2996 1637 3056 faisse
1652 2996 1708 3054 exi·

630 3098 794 3171 admensus,
817 3115 876 3156 non
898 3116 1074 3174 cognomen,
1097 3099 1172 3157 nihil
1192 3099 1325 3176 impedit.

633 3199 665 3259 C.
688 3199 844 3258 Norbanus
866 3201 980 3260 Bulbus
1002 3201 1075 3278 (non
1097 3201 1228 3278 Balbus)
1252 3220 1313 3260 cos.
1337 3222 1363 3259 a.
1381 3202 1437 3260 671
1463 3201 1503 3276 (a.
1521 3199 1555 3261 C.
1573 3200 1638 3278 83).
1680 3201 1707 3258 Is

713 3303 952 3378 antiquissimius
975 3313 1022 3363 est
1043 3305 1132 3362 homo
1155 3305 1219 3363 eius
1240 3305 1381 3378 nominis,
1402 3304 1439 3364 de
1460 3322 1519 3380 quo
1542 3303 1708 3363 testimonia

712 3405 865 3466 habemus.

633 3505 665 3566 C.
682 3506 836 3567 Norbanus
858 3510 988 3568 fortasse
1010 3509 1091 3568 filius
1114 3511 1189 3582 aius,
1212 3511 1264 3586 qui
1279 3510 1438 3587 praecedit,
1462 3509 1597 3568 triumvir
1613 3527 1709 3568 mone-

619 3615 621 3620 ’
711 3610 781 3670 talis
806 3613 837 3670 in
863 3612 986 3698 denario
1009 3609 1044 3674 O.
1065 3612 1089 3670 Ι.
1104 3611 1141 3671 L.
1161 3612 1178 3670 1
1197 3613 1273 3685 435,
1301 3622 1420 3690 praetor
1443 3611 1564 3672 Siciliae
1585 3631 1605 3670 a
1627 3611 1709 3671 Cice·

711 3733 783 3772 rone
806 3714 837 3772 in
850 3715 985 3774 Verrinis
1008 3721 1189 3774 memoratur
1211 3715 1253 3792 (v.
1269 3715 1487 3774 Mommsenum
1501 3713 1538 3772 ds
1552 3733 1584 3772 re
1600 3732 1708 3773 numm.

710 3815 799 3875 Rom.
822 3835 851 3892 p.
869 3817 927 3876 608
951 3838 979 3876 n.
997 3815 1081 3894 236).

631 3916 664 3975 0.
685 3917 841 3978 Norbanus
862 3918 989 3978 Flaccus
1010 3937 1072 3979 cos.
1096 3939 1123 3979 a.
1140 3919 1200 3979 716
1223 3912 1263 3996 (a.
1281 3918 1314 3980 O.
1333 3919 1394 3995 38).

631 4017 663 4078 0.
687 4020 841 4080 Norbanus
865 4021 993 4080 Flaccus
1019 4023 1099 4082 filius
1128 4041 1187 4081 cos.
1217 4042 1244 4080 a.
1261 4022 1320 4080 716
1348 4022 1396 4098 (ut
1416 4021 1578 4080 Hennenus
1607 4021 1710 4080 statuit

710 4123 905 4199 probabiliter
926 4122 960 4182 (l.
977 4125 999 4183 1.
1016 4122 1052 4183 L.
1076 4126 1096 4183 1*
1112 4143 1140 4201 p.
1156 4123 1242 4200 450),
1265 4143 1325 4183 cos.
1348 4144 1375 4183 a.
1393 4123 1453 4182 730
1475 4123 1517 4199 (a.
1534 4121 1568 4182 (l.
1586 4121 1652 4201 24).

630 4225 661 4285 Ο.
682 4225 837 4284 Norbanus
861 4227 987 4286 Flaccus
1010 4245 1070 4286 cos.
1095 4247 1121 4284 a.
1138 4228 1197 4287 768
1221 4226 1263 4303 (p.
1280 4225 1315 4286 C.
1335 4226 1398 4303 15).

627 4327 664 4384 L.
686 4327 842 4387 Norbanus
864 4329 991 4387 Flaccus
1013 4329 1126 4389 Balbus
1149 4348 1210 4388 oos.
1234 4350 1261 4388 a.
1278 4328 1339 4387 tta
1361 4329 1405 4407 (p.
1421 4328 1456 4389 C.
1475 4330 1535 4405 19).

627 4429 784 4488 Norbanus
811 4431 921 4507 aliquis
950 4449 1009 4489 una
1031 4451 1097 4491 cum
1117 4431 1207 4493 Vibio
1235 4441 1415 4492 memoratus
1442 4434 1474 4491 in
1501 4431 1625 4492 denario
1653 4451 1710 4492 non

710 4534 784 4591 satis
808 4543 907 4592 certae
928 4535 1065 4593 lectionis
1088 4533 1163 4594 0.1.
1179 4535 1214 4594 L.
1238 4535 1338 4592 1504.

626 4635 664 4694 L.
680 4635 835 4694 Norbanus
850 4634 965 4712 Appius
980 4637 1137 4708 Maximus,
1159 4637 1205 4696 bis
1221 4638 1328 4696 consul
1347 4647 1376 4695 et
1391 4657 1425 4696 a.
1441 4636 1479 4696 88
1502 4638 1619 4714 legatus
1633 4639 1709 4697 Pan·

709 4739 818 4797 noniae
840 4758 878 4797 ex
892 4739 983 4798 Plinii
1006 4739 1144 4817 epistulis
1159 4748 1189 4798 et
1203 4739 1334 4798 Martiali
1353 4747 1441 4799 notas
1465 4739 1517 4814 (ci.
1533 4741 1710 4800 Mommseni

709 4841 800 4900 index
822 4841 978 4900 Plinianus
999 4861 1028 4918 p.
1046 4841 1131 4916 401).

630 4943 661 5003 C.
685 4943 841 5001 Norbanus
870 4945 1037 5014 Quadratus
1064 4945 1231 5021 praelectus
1257 4952 1423 5005 castrorum
1450 4945 1654 5005 Alexandriae
1680 4948 1710 5004 in

709 5045 828 5104 Troade
851 5043 926 5115 0.,1.
941 5045 977 5104 L.
1000 5047 1135 5106 111381.

625 5147 664 5207 L.
688 5148 845 5207 Norbanus
867 5149 995 5208 Faustus
1018 5147 1124 5226 Capua
1144 5151 1287 5209 oriundus
1308 5151 1394 5210 miles
1415 5150 1602 5211 1113675.

517 5322 520 5331 Ι
630 5249 663 5309 0.
686 5250 841 5312 Norbanus
864 5249 963 5324 Sarra,
986 5252 1184 5328 secundarum
1208 5251 1361 5328 Pompeiis
1385 5253 1408 5313 1.
1423 5251 1463 5314 N.
1480 5251 1570 5312 1109.
