3530 5932
522 549 944 603 uuxcou.uuuuu1vuu.
1330 529 1398 598 151
1486 505 1487 511 ἵ

85 723 173 780 datum
194 741 273 794 esse,
295 730 521 799 recuperatores
543 725 642 780 eutem
665 723 771 781 sortito
793 721 900 781 factos.
938 721 996 780 His
1018 721 1125 798 positis
1147 739 1207 779 uon
1223 720 1287 778 sine
1302 720 1404 796 uliqua

84 824 283 902 probabilitate
306 825 420 884 laceras
442 825 584 901 reliquiae
606 825 649 884 ite
671 825 872 903 explebimus:

235 1011 290 1069 Ad
301 1013 406 1088 fiotum
426 1030 515 1071 meum
536 1015 563 1070 ei
585 1030 658 1088 quae
680 1015 877 1087 cuiuscumque
898 1011 954 1086 reJi
974 1014 1163 1070 nuntiationes
1246 1077 1248 1086 .

231 1113 362 1189 posthae
381 1116 457 1186 ficut,
478 1117 509 1171 in
530 1115 624 1172 iudica
645 1133 701 1172 uuo
724 1113 832 1188 eudon]
854 1113 999 1172 observari
1020 1114 1099 1171 debe-

235 1215 307 1274 bunt
329 1235 403 1293 quoa
424 1234 486 1274 oum
507 1220 580 1274 inter
597 1219 729 1293 priuatos
752 1219 793 1274 ad
812 1217 911 1292 upupa
931 1218 1051 1275 iudicem
1072 1216 1168 1274 ibitur.

234 1319 459 1395 Reciperutorea
481 1330 573 1378 autem
593 1319 643 1376 ubi
664 1319 699 1376 da
721 1337 754 1378 eo
775 1337 807 1376 re
828 1319 1004 1394 sortieJutur,
1026 1319 1120 1376 eodem
1140 1319 1221 1376 modo

233 1431 266 1478 ut
288 1425 321 1479 in
344 1440 434 1481 oouao
454 1423 517 1491 ittet
538 1425 695 1480 sortiantur
710 1422 778 1497 fieri
798 1420 900 1496 d]ebet‚
921 1441 988 1497 quo,
1009 1431 1042 1480 ut
1061 1424 1165 1496 recipe·

235 1532 353 1582 ratores
376 1525 411 1581 de
431 1542 462 1581 re
482 1533 580 1582 oestro
601 1523 786 1599 sortiumur,
811 1523 880 1598 layo,
902 1541 988 1599 quom
1009 1523 1088 1582 vobio

233 1665 720 1684 ................
758 1626 856 1701 uteru,
874 1627 917 1701 fir.

77 1809 173 1870 Sorttri
185 1810 309 1870 videtur
324 1813 448 1887 passive
463 1821 637 1890 usurpatum
652 1829 728 1871 esse.
744 1845 785 1855 -
806 1811 845 1870 V.
859 1811 897 1870 10
920 1811 1017 1889 prima
1032 1828 1108 1888 quae
1124 1819 1260 1887 superest
1274 1813 1405 1872 litterar

76 1915 161 1990 magis
182 1914 309 1974 videtur
338 1931 406 1973 esse
429 1933 517 1992 quam
538 1932 565 1974 τ.
586 1948 625 1958 -
652 1915 897 1990 Reciperatorum
924 1914 960 1972 de
985 1933 1018 1972 re
1044 1913 1249 1973 italiensium
1278 1915 1405 1987 sortitio,

76 2014 108 2074 ad
127 2016 211 2076 ouius
234 2017 417 2092 exemplum
438 2017 512 2076 haee
532 2017 598 2075 fieri
619 2017 747 2089 iubetur,
769 2018 837 2094 ipsa
858 2016 910 2074 ille
930 2023 986 2086 eat,
1006 2016 1038 2074 ni
1059 2015 1157 2090 fallor,
1181 2017 1217 2075 de
1233 2034 1294 2093 qua
1308 2017 1405 2093 agitur

74 2119 100 2174 in
119 2118 192 2196 legis
210 2117 405 2178 Ureoneusis
428 2138 453 2178 o.
468 2116 558 2181 XCV
579 2118 662 2196 (ride
684 2138 776 2196 supra
796 2139 825 2196 p.
844 2118 928 2195 140).
963 2117 1030 2178 Lex
1052 2125 1150 2177 autem
1165 2137 1242 2195 quae
1257 2119 1406 2194 allegatur

74 2222 133 2297 ipsa
156 2229 202 2282 eat
228 2223 305 2282 data
327 2221 555 2294 Italicensibus,
582 2240 772 2282 cumeorum
795 2241 842 2281 res
864 2221 985 2298 publica
1006 2221 1168 2280 constituta
1189 2230 1242 2278 est.
1287 2220 1403 2280 Nomen

74 2324 130 2382 eiua
150 2325 201 2400 qui
224 2345 295 2384 eam
319 2324 419 2402 legem
440 2324 523 2384 dedit
543 2326 715 2384 coniectura
736 2325 877 2401 supplere
900 2343 959 2382 non
983 2323 1088 2382 audeo.

1064 2507 1124 2568 Tu.
1148 2509 1320 2568 Mouusuu.
