3530 5932
386 548 458 618 120
815 567 1125 618 conmanennvu
1142 567 1227 618 von.
1247 567 1276 617 11

388 738 522 799 Caesaris
555 742 755 818 confirmandis
785 743 852 800 deae
878 743 1021 800 dictatura
1048 745 1079 798 in
1104 752 1272 818 perpetuum
1299 739 1425 798 tollenda
1453 740 1520 797 deae
1547 740 1647 797 colorus
1670 743 1692 794 ιἰι
1752 739 1753 770 l

327 855 329 860 ’
384 862 470 918 apros
497 844 666 902 deducendis
689 844 787 902 tulisse
809 844 853 901 Μ.
877 845 1018 902 Antonias
1040 845 1154 913 dicitur,
1177 844 1289 901 easdem
1312 841 1386 918 layas
1409 843 1443 899 de
1464 845 1586 918 integro,
1610 852 1637 899 at
1652 860 1693 917 pc-

378 945 483 1021 paiam
505 955 632 1017 teneant,
659 948 750 1004 salvis
773 949 911 1022 auspiciis
927 950 1005 1023 ferri
1025 947 1127 1022 placet.
1171 943 1251 1004 Nam
1277 962 1459 1020 quamquam
1485 943 1522 1002 de
1548 943 1655 1002 colonis
1671 943 1694 1000 in

382 1047 472 1106 Italia
498 1049 633 1106 deductis
659 1048 850 1124 potissimum
878 1049 926 1124 agi
953 1049 1010 1106 hoo
1036 1048 1103 1106 loco
1130 1053 1262 1118 constat,
1288 1045 1364 1104 nihil
1388 1046 1528 1121 impedit,
1555 1046 1694 1122 quominus

383 1149 701 1226 etiam‘provinciales
728 1151 1034 1227 colonias.qussdam
1056 1150 1208 1208 Antonius
1235 1148 1325 1207 simul
1347 1149 1539 1207 confirmarit.
1583 1145 1695 1208 Senatus
1753 1171 1754 1176 ¹

383 1253 554 1311 consultum
578 1253 717 1330 plebique
740 1253 846 1311 scitum
869 1271 946 1328 quae
968 1251 1075 1311 deinde
1097 1259 1369 1311 commemorantur
1389 1251 1547 1310 adsolant
1569 1250 1696 1308 coloniam

385 1353 564 1414 Genetiram
591 1356 729 1416 videntur
755 1356 936 1432 pertinuisse
962 1355 1086 1432 eiusque
1114 1353 1306 1414 deducendae
1334 1354 1417 1430 leges
1445 1353 1610 1411 accuratius
1633 1351 1696 1408 ordi·
1754 1420 1755 1442 χ

382 1457 516 1516 novisse.
538 1492 575 1501 -
604 1457 742 1516 Deducta
766 1457 856 1533 igitur
883 1467 928 1516 est
949 1457 1069 1515 colonia
1091 1457 1139 1514 vel
1162 1464 1242 1516 certe
1263 1457 1314 1516 lex
1335 1456 1503 1533 perscripta
1522 1454 1625 1531 primis
1643 1465 1697 1529 post
1754 1457 1755 1516 ἶ

383 1556 419 1618 C.
443 1557 585 1619 Caesaris
607 1560 722 1618 obitum
744 1559 914 1631 mensibas;
942 1559 989 1617 oui
1011 1559 1138 1636 tempori
1160 1569 1240 1618 recte
1262 1559 1411 1630 convenit,
1433 1557 1514 1634 quod
1536 1558 1563 1616 is
1584 1556 1697 1615 noudum

383 1663 466 1721 divus
489 1663 604 1722 dicitur.
650 1660 790 1721 Ceterum
813 1671 883 1722 sunt
903 1661 1048 1737 quaedam
1071 1661 1102 1718 in
1124 1662 1181 1720 bac
1202 1661 1267 1737 lege
1289 1659 1416 1720 Caesari
1438 1661 1507 1718 vivo
1530 1658 1697 1735 aliquantum

383 1765 501 1840 aptiora
527 1783 618 1840 qaam
644 1773 777 1834 mortuo;
806 1764 936 1822 maxime
963 1764 1042 1841 quod
1069 1764 1101 1822 in
1128 1765 1226 1840 capite
1253 1764 1290 1822 de
1311 1762 1392 1821 ludis
1414 1762 1440 1820 ei
1462 1761 1512 1838 qui
1534 1761 1618 1820 iussu
1638 1759 1698 1820 Cae·
1755 1806 1756 1842 3

348 1868 461 1925 -saris
488 1867 696 1942 magistratum
723 1865 844 1924 habebit
865 1866 949 1923 locus
973 1866 1124 1938 tribuitur,
1151 1875 1368 1942 postmortem
1390 1864 1455 1923 eius
1479 1863 1532 1922 vix
1555 1865 1640 1922 scribi
1659 1882 1699 1940 po
1755 1843 1756 1872 r

384 1970 450 2027 tuit.
493 1969 619 2027 Videtur
644 1970 736 2048 igitur
763 1968 838 2026 haec
863 1968 916 2026 lex
944 1987 1013 2026 vere
1041 1968 1195 2026 dictatoris
1222 1969 1308 2026 iussu
1334 1968 1446 2044 scripta
1472 1984 1543 2026 esse
1567 1985 1620 2025 nec
1645 1976 1701 2042 post

384 2081 509 2130 mortem
532 2072 596 2131 eius
617 2071 678 2129 nisi
701 2071 910 2148 supplementa
931 2070 1077 2146 quaedam
1098 2071 1259 2148 recepisse.

241 2180 377 2232 Lentulis
469 2171 557 2248 Quod
584 2173 725 2232 scribitur
754 2173 846 2244 3,16
874 2190 963 2249 agros
990 2191 1043 2231 eos
1073 2173 1109 2231 de
1136 2173 1244 2249 quibus
1274 2173 1330 2231 hac
1354 2173 1421 2251 lege
1447 2172 1547 2250 agitur
1574 2171 1635 2230 dari
1659 2171 1700 2228 sl·
1756 2192 1757 2264 ι

258 2256 362 2320 “timia
386 2275 501 2354 signari
529 2295 561 2334 cc
583 2276 642 2351 isac
663 2274 756 2346 Iuba,
784 2294 820 2332 eo
849 2276 1037 2352 significatur
1059 2293 1118 2332 nou
1139 2274 1190 2333 lex
1211 2275 1269 2351 ipsi
1292 2273 1428 2334 coloniae
1452 2271 1616 2333 Genetivae
1636 2273 1701 2338 data,
1756 2273 1757 2328 ]

387 2378 440 2436 sed
462 2377 611 2456 generalis
633 2381 766 2453 cararia,
788 2395 873 2452 quara
898 2377 928 2438 C.
953 2377 1062 2436 Caesar
1083 2377 1147 2436 tulit
1169 2377 1277 2452 (verba
1298 2387 1369 2436 sunt
1391 2374 1559 2437 callistrati
1581 2375 1702 2453 Dig.47,

386 2479 436 2552 tt,
453 2482 470 2540 3
485 2480 556 2557 pn).
591 2479 689 2554 Quam
712 2499 779 2538 cum
799 2479 910 2538 dudum
931 2479 1234 2539 demonstraverimus
1249 2479 1425 2538 Rudorffius
1440 2497 1556 2558 egoque
1578 2479 1701 2556 (gromat.

386 2582 419 2654 2,
443 2582 513 2641 323.
538 2581 613 2654 2443
643 2582 683 2641 cf.
709 2583 888 2657 Marquardt
913 2581 1187 2659 Staatsccrwaitanp
1217 2584 1248 2655 l,
1270 2582 1351 2657 447)
1378 2600 1437 2639 noa
1465 2580 1584 2640 differre
1610 2582 1644 2640 ab
1666 2599 1701 2650 es,
1757 2578 1758 2640 l

386 2686 472 2742 cuius
493 2684 593 2762 capita
613 2685 671 2743 tria
692 2693 844 2761 tamquam
860 2685 936 2762 legis
952 2685 1105 2743 Maniliae
1119 2683 1249 2744 Rosciae
1263 2683 1440 2742 Peducaeae
1455 2683 1593 2742 Allienus
1607 2683 1703 2742 Fabiae

386 2804 496 2863 corpus
523 2787 751 2864 gromaticorum
780 2805 808 2862 p.
827 2787 885 2846 263
895 2805 939 2863 sq.
969 2787 1113 2858 servarit,
1140 2787 1198 2844 iam
1225 2805 1262 2844 ea
1282 2787 1453 2845 coniectura
1474 2787 1593 2864 egregie
1613 2785 1703 2844 contir-

387 2881 499 2961 matur3
526 2909 595 2948 nam
623 2888 703 2965 quod
731 2896 821 2964 caput
842 2898 888 2946 cst
908 2890 984 2966 legis
1008 2889 1160 2947 Mamiliae
1180 2888 1289 2960 LIIII,
1316 2890 1347 2946 in
1374 2888 1441 2967 loge
1463 2888 1600 2947 coloniae
1620 2886 1703 2946 Gene-

362 3063 365 3072 ‚
387 2993 466 3050 tivae
489 3012 513 3051 o.
530 2989 622 3051 01111
644 2992 687 3050 ita
707 2991 799 3064 redit,
827 3001 860 3049 ut
882 2991 933 3050 ubi
954 2991 1007 3050 illa
1027 2992 1064 3049 de
1086 3011 1159 3070 agro
1182 2993 1211 3050 in
1236 2992 1408 3049 universum
1432 2991 1576 3068 disponit,
1595 2991 1661 3048 haec
1679 2988 1705 3046 id

386 3093 485 3170 ipsum
513 3093 550 3152 de
577 3093 641 3152 solo
669 3092 816 3153 Genetiva
843 3094 950 3152 iisdem
978 3093 1075 3152 verbis
1103 3102 1227 3170 repetat.
1271 3095 1377 3170 Itaque
1404 3111 1470 3151 cum
1498 3091 1554 3150 illa
1580 3094 1621 3150 sic
1644 3091 1704 3148 inci·
1758 3083 1759 3086 ’

387 3198 465 3274 piat:
489 3215 562 3272 qaae
585 3196 696 3254 colonia
718 3197 771 3254 boc
794 3197 852 3271 ispe
874 3198 995 3254 deducta
1017 3197 1127 3272 quados
1147 3199 1332 3272 munientium
1349 3181 1639 3272 praefecturasorum
1652 3211 1706 3250 con·

388 3299 551 3357 ciiiabalam
573 3302 752 3357 constitutam
774 3303 840 3370 erit,
870 3297 1049 3359 Genetivam
1071 3308 1196 3375 apparet
1219 3317 1307 3358 unam
1330 3317 1398 3358 esse
1420 3318 1458 3356 ex
1479 3299 1572 3356 rebus
1593 3296 1706 3374 publicis

387 3401 426 3459 ad
451 3401 577 3460 formam
603 3421 622 3459 a
644 3383 775 3460 Caesare
801 3403 987 3479 propositam
1015 3399 1172 3460 ordinatis.
1216 3400 1356 3477 Denique
1382 3419 1443 3477 qua
1469 3400 1505 3458 de
1527 3419 1560 3458 re
1582 3398 1706 3458 dissensi-

389 3522 456 3562 mus
472 3503 647 3562 Rudorlfius
670 3513 701 3561 et
721 3522 786 3580 ego,
810 3523 876 3562 cum
898 3503 949 3561 ille
965 3503 1061 3579 legem
1077 3503 1240 3560 Mamiliam
1258 3504 1400 3562 tribueret
1415 3500 1449 3562 C.
1466 3501 1591 3560 Caesari
1606 3499 1706 3558 Tiberii

389 3607 507 3680 nepoti,
533 3624 589 3682 ego
613 3605 764 3675 dictatori,
794 3625 841 3664 me
862 3625 963 3664 verum
987 3605 1099 3664 vidisse
1123 3615 1192 3681 post
1213 3605 1308 3682 legem
1331 3603 1496 3666 Genetivae
1519 3603 1650 3663 coloniae
1667 3621 1707 3659 re

389 3717 504 3784 partam
526 3717 615 3767 extra
635 3708 871 3767 controversiam
894 3717 948 3766 est.

248 3817 305 3867 Lex
318 3816 380 3866 data
475 3809 549 3888 Ipsa
569 3810 621 3870 lex
642 3829 731 3886 quam
752 3823 889 3869 tenemus
912 3829 970 3868 oon
991 3819 1098 3888 rogata
1119 3820 1166 3868 est
1187 3807 1382 3885 (quamquam
1404 3811 1550 3869 remansit
1566 3807 1594 3879 i,
1608 3807 1643 3866 28
1656 3806 1708 3864 lor·

390 3913 471 3972 mula
493 3914 649 3972 sollemnis
672 3913 896 3988 exat-anua),
918 3913 971 3970 sed
993 3915 1063 3972 data
1085 3912 1212 3987 (8,14);
1236 3913 1352 3970 scilicet
1372 3913 1456 3971 iussu
1478 3909 1619 3971 Caesaris
1639 3911 1708 3985 lege·

390 4034 449 4092 qus
463 4017 598 4074 Antonia
619 4022 671 4074 aut
692 4015 759 4092 ipse
774 4016 925 4074 Antonius
949 4023 1001 4072 aut
1022 4015 1099 4073 alius
1122 4014 1243 4091 quidam
1266 4034 1362 4073 novae
1384 4015 1519 4073 coloniae
1537 4015 1617 4090 leges
1630 4012 1708 4078 dedit,

391 4136 451 4194 qua
472 4118 509 4176 de
530 4138 562 4176 re
584 4117 649 4176 dixi
671 4118 709 4175 ad
731 4117 814 4194 leges
835 4117 1044 4175 Malacitauam
1066 4125 1095 4174 et
1118 4113 1337 4191 Salpensanam
1360 4136 1387 4192 p.
1405 4117 1474 4176 394.
1512 4117 1593 4175 Data
1613 4116 1650 4174 sit
1668 4133 1709 4170 ne-

391 4239 476 4278 cesse
504 4228 552 4279 est
579 4239 614 4278 eo
636 4221 705 4295 ipso
728 4229 874 4295 tempore,
902 4237 961 4295 quo
984 4219 1103 4277 colonia
1124 4220 1286 4277 constituta
1307 4227 1367 4290 est,
1394 4218 1424 4276 id
1446 4218 1527 4294 quod
1547 4219 1709 4277 confirmant

390 4322 483 4381 rerba
500 4325 527 4392 l,
546 4322 597 4380 19:
621 4327 788 4398 quinamque
803 4323 884 4379 IIair
903 4331 970 4396 post
992 4321 1131 4380 coloniam
1152 4322 1302 4379 deductam
1316 4322 1417 4395 sactus
1440 4331 1586 4380 creatasee
1607 4325 1662 4390 erit,
1683 4327 1710 4373 ut

390 4423 535 4482 formulae
559 4434 627 4500 post
654 4425 795 4483 caloniam
821 4425 970 4482 deductam
997 4433 1027 4482 et
1047 4433 1114 4500 post
1136 4423 1210 4482 banc
1234 4423 1437 4499 tenerrimam
1460 4422 1587 4499 (8,14)
1610 4443 1639 4481 re
1658 4439 1709 4479 uon

393 4525 541 4585 differant.

259 4635 376 4686 Tabulas
477 4627 633 4689 Scribendi
655 4630 733 4688 ratio
755 4649 822 4688 cum
844 4629 942 4706 ipsius
962 4629 1038 4704 legis
1054 4637 1150 4686 aetate
1166 4647 1270 4705 parum
1286 4629 1440 4699 couvenit;
1462 4647 1533 4686 nam
1549 4648 1614 4687 cum
1627 4627 1709 4702 legem

220 4728 227 4744 '
265 4708 368 4833 quant?
393 4731 534 4807 scriptam
557 4750 625 4790 esse
646 4732 838 4791 ancill)
861 4731 1173 4802 demonstraverimus,
1196 4741 1227 4789 et
1248 4731 1459 4807 grammaticae
1481 4732 1595 4789 formae
1615 4739 1643 4788 et
1660 4729 1710 4786 sle-

263 4799 331 4847 ΜΨ
360 4797 561 4893 θιιιιιιῑοιιιιιι
583 4837 697 4910 figurae
720 4842 833 4892 tantum
857 4835 945 4893 abest
967 4843 999 4891 ut
1020 4833 1178 4908 quicquam
1202 4833 1333 4892 habeant
1354 4831 1546 4893 Caesarianis
1566 4832 1710 4911 Augtrstis·

393 4955 452 5012 que
474 4937 660 5014 temporibus
685 4937 848 5013 proprium,
872 4947 905 4996 ut
920 4935 1052 5014 vulgaris
1073 4934 1258 4993 consuetudo
1281 4937 1393 4994 saeculi
1414 4937 1505 5012 primi
1526 4936 1655 4995 exeuntis
1671 4951 1708 4990 ae·

393 5039 542 5113 condique
564 5047 707 5116 perpetuo
729 5040 770 5098 ibi
792 5039 933 5098 obtineat.
978 5038 1142 5114 Exemplar
1163 5037 1256 5113 igitur
1277 5038 1358 5114 quod
1380 5047 1515 5097 tenemus
1537 5044 1709 5098 retractatum

394 5141 434 5198 sit
455 5159 577 5199 necesse
600 5151 645 5199 est
666 5117 754 5198 et'ab
777 5141 815 5199 iis
837 5143 889 5218 qui
910 5142 1104 5216 archetypum
1123 5149 1230 5214 postea
1245 5141 1468 5216 descripserunt
1481 5146 1711 5218 recognoverunt·

394 5261 453 5320 que
479 5243 517 5301 ad
544 5261 616 5302 suae
642 5243 749 5304 aetatis
777 5262 864 5302 usum
892 5251 1029 5302 exactum
1056 5241 1210 5318 diligentia
1236 5253 1266 5302 et
1293 5243 1463 5302 constantia
1489 5261 1560 5302 sane
1586 5238 1710 5302 mirabili.
