3530 5932
326 614 670 668 COMMENTATIONES
687 612 963 676 EPIGRAPHICAE
986 613 1089 666 Tuus.
1300 594 1371 665 165

137 785 266 857 liorem,
294 786 471 846 Monumuiti
495 788 604 846 antedi
626 788 775 863 possedisti
795 787 835 846 da
857 784 890 845 S.
907 786 945 845 A.
960 788 997 846 R.
1020 787 1044 844 il
1065 797 1143 846 conte
1168 787 1200 844 di
1222 785 1374 860 Siraousn,

71 887 182 958 ton.III,
200 907 232 964 p.
249 887 303 960 13,
330 907 419 964 quem
440 888 550 948 librum
572 889 761 947 rarissimum
782 907 830 946 me
850 898 975 966 rogante
998 887 1036 948 G.
1059 889 1096 948 de
1118 888 1211 947 Petro
1231 888 1377 966 inspexit,

70 989 179 1062 Fioreili,
199 989 283 1049 Boii.
306 991 384 1050 ared.
400 990 480 1068 Nop.
502 1011 548 1050 uo.
570 1010 593 1050 e.
610 991 669 1064 IV,
691 991 761 1062 105,
787 991 866 1050 unde
889 992 1026 1065 Febrem,
1051 990 1082 1050 C.
1097 991 1123 1049 l.
1144 991 1214 1049 Ital.
1237 1010 1266 1049 n.
1284 991 1376 1050 2762.

69 1092 182 1164 dederis,
204 1092 346 1152 Formeol.
362 1095 390 1151 d.
409 1091 479 1152 Ort.
494 1090 564 1169 Spr.
577 1113 607 1152 n.
623 1092 693 1163 XL,
708 1095 737 1152 4.
770 1091 990 1152 Tracteverunt
1003 1093 1174 1165 Minerrini,
1195 1093 1278 1151 Bull.
1296 1094 1361 1152 arci
1369 1135 1376 1152 .

67 1193 131 1270 nup.
150 1213 192 1252 no.
215 1193 292 1266 s.1‚
314 1193 382 1253 163.
411 1197 455 1270 ef?
469 1194 528 1266 IV,
551 1196 623 1268 108,
650 1213 716 1274 ego,
740 1196 772 1253 Z.
788 1196 816 1269 s.
838 1195 929 1271 vergi.
951 1194 1019 1271 Spr.
1043 1195 1103 1268 XI,
1124 1195 1196 1268 324,
1239 1193 1375 1268 Fiorelli‚

72 1297 233 1356 Adversarius
255 1297 445 1373 epigroptiea
462 1315 494 1372 p.
513 1299 537 1356 1.

70 1547 1376 1558 μ-ὴ--ῇῂ--ι-ῃ

65 1783 106 1844 tt.
143 1784 258 1862 Tegula
286 1785 318 1843 in
346 1803 418 1862 agro
439 1783 574 1845 Cumano
600 1791 721 1861 reperte
761 1783 940 1860 d'oppresso
960 1783 1011 1842 nll'
1033 1783 1112 1842 Areo
1130 1785 1219 1860 felice
1244 1785 1291 1843 uel
1318 1787 1375 1846 leto

95 1887 165 1946 dello
190 1885 337 1964 Spiogqia
372 1907 438 1946 cnm
476 1888 572 1964 figure
603 1887 730 1965 graphio
762 1896 888 1946 exarato
914 1885 1041 1944 feminee
1073 1886 1170 1945 nudae
1203 1889 1309 1946 stantis
1343 1890 1375 1948 in

98 1989 178 2064 giobo
199 1999 230 2048 et
251 1989 401 2048 bracchiis
422 1989 582 2066 pandentis
604 1989 738 2067 emplum
759 1989 885 2067 pellium
907 1988 1073 2062 stellatum,
1100 1989 1130 2047 in
1153 2007 1212 2066 quo
1234 1990 1281 2048 bis
1303 1991 1376 2050 sori-

95 2101 169 2167 ptum
190 2101 251 2150 est:

355 2287 478 2389 upsim
795 2277 797 2284 ’
885 2287 1006 2388 ripsim

251 2445 416 2523 Opsiorum
433 2445 589 2523 (donum).
787 2443 950 2522 Opsiorum
972 2446 1121 2524 (donum).

135 2643 169 2704 6.
186 2642 340 2718 Geminei,
365 2644 470 2721 Tegolo
489 2643 616 2704 Cumano
639 2663 692 2703 eon
712 2655 954 2721 roppresentouzn
974 2647 1093 2721 graffita
1110 2663 1124 2702 e
1139 2639 1376 2721 tqumdo'Oeoa.

62 2745 135 2818 1862,
152 2767 183 2822 p.
199 2749 218 2807 4
232 2765 279 2824 sq.
303 2747 324 2805 9
338 2767 381 2824 sq.
404 2758 472 2819 tou,
493 2747 572 2806 unde
588 2747 725 2820 Fabretti,
748 2745 1070 2844 0110111761·
1092 2747 1130 2821 of.
1146 2745 1282 2819 diruere,
1305 2748 1378 2806 For·

64 2849 129 2906 neni.
150 2851 178 2908 d.
206 2849 279 2910 Osis.
301 2849 371 2927 Spu.
390 2847 661 2922 XLII—XLIII,
682 2851 727 2908 14.
776 2849 876 2925 Upstm
906 2874 943 2898 =
976 2848 1128 2924 Opsiorum
1153 2855 1200 2908 eet
1227 2850 1378 2928 genitivus

61 2949 168 3022 plnroiis
188 2952 330 3011 eiusdem
349 2953 467 3028 generis
488 2950 746 3028 etqueAieernim,
769 2951 899 3028 Safluim,
914 2953 1011 3026 dintm,
1035 2969 1101 3010 oum
1124 2958 1154 3009 et
1175 2951 1254 3010 tituli
1275 2950 1377 3010 Latini

61 3049 143 3112 oseae
156 3055 311 3130 quondam
321 3055 452 3132 regionis
463 3054 593 3114 habeant
604 3053 726 3112 nomina
737 3053 855 3130 Opsius,
873 3052 991 3130 opinion
1015 3052 1161 3129 (Momms.
1184 3053 1210 3111 I.
1231 3053 1268 3112 R.
1282 3053 1377 3128 Neap.

61 3151 289 3216 iud.uom.oiror.
302 3167 328 3216 et
338 3156 472 3233 mulien),
484 3134 641 3233 etgenitivi
656 3155 782 3233 pluralis
797 3155 951 3214 nominum
964 3154 1121 3232 gentilium
1132 3174 1226 3232 nuper
1236 3155 1268 3213 in
1282 3154 1378 3214 lucem

60 3257 205 3330 prodierint
241 3259 367 3319 Viriium
389 3285 426 3309 =
457 3259 616 3318 Vitriorum
643 3268 673 3317 et
700 3257 881 3317 Kiuvatiium
909 3283 946 3308 =
979 3255 1175 3316 Clooatiorum
1200 3259 1231 3316 in
1259 3258 1379 3317 dedice·

62 3356 156 3418 tionum
178 3361 278 3420 titulis
302 3359 474 3438 Campanis,
496 3361 650 3420 hominum
674 3361 788 3420 seilicet
814 3359 1010 3437 complurium
1041 3358 1175 3418 eiusdem
1196 3361 1304 3437 gentis,
1327 3361 1380 3436 qui

60 3457 111 3518 deis
130 3461 207 3522 dona
229 3463 379 3522 dederunt
400 3463 442 3540 (n.
465 3464 510 3523 12.
532 3461 593 3538 14),
616 3471 646 3521 et
667 3461 863 3521 dedicationis
884 3461 1029 3521 formulas
1051 3461 1098 3520 bis
1113 3463 1215 3548 ‚repeti
1230 3462 1261 3520 in
1275 3461 1380 3520 eodem

61 3559 128 3621 fictili
149 3561 309 3644 Campano
324 3583 416 3641 supro
429 3566 665 3624 demonstratum
687 3565 728 3623 sit
748 3564 929 3642 (e.10.13).
965 3564 1071 3641 Itaque
1098 3565 1198 3642 Upsim
1219 3565 1379 3642 significat,

64 3661 203 3738 Opsiorom
223 3667 328 3746 gentis
344 3665 498 3727 Cumanae
513 3667 650 3726 homiues
673 3667 803 3744 effigiem
826 3668 899 3725 dene
913 3667 1040 3744 graphio
1055 3674 1210 3726 exaratam
1232 3668 1264 3725 in
1279 3667 1381 3744 tegula

59 3763 113 3824 huie
137 3769 195 3846 ipsi
223 3769 303 3828 dese
331 3771 410 3830 dono
436 3769 565 3830 dedisse.
607 3770 657 3828 Me
685 3778 783 3827 eutem
811 3768 908 3828 iudice
930 3770 1004 3828 haee
1030 3769 1086 3828 den
1107 3779 1155 3828 est
1180 3769 1248 3828 Non
1272 3769 1377 3846 (Verq.

58 3867 166 3940 sut,
190 3871 257 3930 721.
290 3871 361 3943 VII,
386 3872 451 3932 331.
476 3872 554 3943 XII,
574 3872 645 3930 846.
670 3873 737 3931 860.
773 3871 857 3930 Ouid.
881 3871 1004 3944 Fasti,
1029 3871 1258 3949 455),pa11ium
1280 3870 1377 3930 stellis

57 3982 185 4044 orontem,
207 3972 295 4050 quod
317 3973 475 4051 expondit:
499 3982 676 4032 nocturnum
698 3973 813 4034 eaelum
836 3973 1002 4047 stellatum,
1024 3972 1141 4050 globus,
1168 3975 1198 4032 in
1220 3989 1281 4049 quo
1304 3982 1378 4032 stet:

58 4071 131 4144 polus
152 4075 253 4154 (Verq.
272 4076 348 4136 Aen.
367 4077 399 4148 V,
421 4077 490 4155 721)
512 4078 561 4136 vel
582 4076 690 4155 globus
713 4076 825 4135 mundi.

617 4595 806 4658 POMPEII.

60 4779 108 4840 2⁰·
147 4787 270 4848 Tabula
293 4807 333 4846 ex
354 4787 454 4865 lepide
475 4788 635 4848 Tiburtino
662 4788 714 4864 qui
736 4797 860 4846 vocatur
881 4786 1075 4865 marginibus*
1091 4787 1240 4863 utrimque
1262 4785 1378 4845 detritis

92 4895 118 4944 et
139 4887 300 4951 deficiente
327 4897 456 4966 utroque
476 4892 587 4968 ungulo
611 4890 766 4968 superiore
787 4889 897 4962 fronto,
925 4889 1047 4948 invento
1075 4897 1143 4947 unte
1170 4896 1286 4966 portem
1311 4887 1378 4949 Ste-

93 4987 204 5052 bitnsm
226 4995 279 5052 die
304 4990 341 5050 12
363 4993 477 5052 mensis
499 4993 627 5070 Augusti
651 5012 678 5051 a.
697 4990 791 5066 1851,
818 4991 926 5050 litteris
949 4991 987 5049 nd
1007 4990 1143 5069 reguiam
1165 4991 1240 5049 bene
1262 4990 1379 5063 incisis,

94 5107 163 5153 nuno
183 5096 215 5156 in
237 5113 349 5156 museo
371 5093 589 5173 Neapolitano:
