3532 5938
74 557 174 607 oss-eoo
467 551 552 606 von.
572 554 587 603 1
612 552 973 614 nnmovrssrunsvu.
1303 537 1377 610 209

71 747 115 806 pro
133 735 190 788 toto
211 729 289 788 enim
307 736 410 807 portes
433 744 537 787 omnes
560 736 640 788 reete
661 734 822 804 ponuntur,
844 730 1071 806 compararique
1092 739 1221 808 possunt
1242 733 1380 792 decuriae

71 831 180 910 quinque
200 830 328 890 indionm
351 839 382 890 et
403 829 535 906 equitum
558 831 678 889 ordines
692 831 928 908 quattuordecim
951 839 989 904 et,
1011 851 1089 909 quae
1110 833 1168 892 huo
1190 834 1380 910 potissimum

70 935 188 1010 pertinet,
209 933 294 1010 plebs
317 934 432 993 urbana
448 937 571 1010 quinque
592 919 618 992 el
638 936 756 1009 triplum
770 934 892 993 tribuum
907 931 1015 1010 (Orell.
1033 933 1138 1011 3064).
1182 936 1381 1015 Respublica

69 1055 105 1108 es,
125 1037 199 1096 ouius
219 1037 341 1096 nomine
363 1037 421 1095 hoe
445 1036 602 1095 vasculum
623 1037 735 1095 fectum
757 1044 811 1108 est,
834 1055 901 1096 oum
924 1037 980 1096 sub
999 1037 1149 1114 praefecto
1170 1038 1270 1112 fuerit,
1292 1059 1379 1118 pree-

68 1139 164 1198 leolum
182 1138 271 1198 inerit
293 1157 417 1199 neeesse
440 1145 495 1209 est,
530 1148 564 1198 nt
594 1139 716 1197 luerunt
748 1158 766 1196 e
794 1139 899 1214 quinto
922 1139 1041 1212 saeculo
1074 1139 1112 1198 ad
1133 1140 1246 1199 bellum
1268 1142 1381 1201 sooisle

69 1239 151 1300 Fundi
172 1248 200 1300 et
221 1241 362 1300 Formiae
390 1251 420 1299 et
440 1240 519 1300 alise
541 1241 662 1300 multae.
718 1239 803 1313 Quae
826 1260 893 1300 eum
916 1241 1023 1300 civium
1052 1241 1257 1302 Romanorum
1280 1229 1382 1304 essent

67 1343 136 1418 (ro'n.
156 1344 335 1404 Mdnzroeseu
356 1363 385 1421 p.
402 1343 492 1420 336),
514 1344 589 1403 nihil
617 1345 751 1421 impedit,
778 1345 936 1420 quominus
963 1345 995 1403 in
1023 1362 1095 1404 suae
1121 1364 1257 1423 quaeque
1285 1347 1380 1406 tribus

69 1445 225 1506 distributae
251 1447 378 1518 suerint,
410 1451 524 1524 pariter
550 1455 641 1523 etque
663 1445 796 1532 ¹colonius
826 1447 934 1506 civium
956 1447 1160 1507 Romanorum
1184 1466 1255 1508 suas
1277 1467 1382 1524 qnam-

69 1567 116 1622 que
135 1548 225 1609 tribus
247 1549 393 1609 habuisse
415 1569 510 1628 nuper
531 1549 714 1608 intellectum
738 1557 785 1608 est
807 1549 849 1625 (v.
866 1568 960 1626 supra
973 1569 1003 1627 p.
1019 1549 1102 1626 125).
1146 1551 1267 1611 Primus
1283 1562 1381 1612 eutem

65 1649 307 1724 delituissent,
340 1670 427 1728 quem
457 1652 495 1711 ed
528 1654 592 1710 eius
614 1653 734 1729 generis
756 1652 939 1730 praefectum
973 1652 1169 1730 probabiliter
1190 1654 1316 1726 referem
1349 1661 1383 1712 ut

66 1771 228 1832 magnopere
250 1754 414 1814 dolendum
437 1757 477 1814 sit
498 1755 535 1814 de
556 1755 670 1832 origine
693 1755 757 1814 eius
778 1773 838 1814 non
859 1755 983 1831 liquere.
1007 1788 1042 1798 -
1079 1755 1187 1815 Laeuii
1208 1755 1382 1815 Brundisini

65 1856 194 1932 equestris
235 1859 358 1918 ordines
393 1859 528 1917 homines
569 1864 840 1917 commemorantur
875 1858 955 1934 apud
992 1855 1167 1916 Ciceronem
1200 1857 1382 1918 Varronem-

66 1979 112 2034 que
132 1959 169 2034 (v.
192 1969 345 2019 onomast
368 1959 541 2020 Tullianum
563 1978 587 2019 s.
611 1960 667 2038 v.);
690 1960 806 2020 Laenio
827 1961 933 2019 mulier
953 1960 1024 2019 item
1045 1962 1216 2020 nominetur
1238 1963 1269 2020 in
1295 1962 1381 2021 titulo

65 2061 212 2122 Terentino
233 2061 261 2122 1.
273 2061 315 2122 N.
337 2062 406 2122 584.
449 2064 484 2122 ln
505 2063 690 2123 nominativo
712 2063 859 2123 secundae
881 2081 895 2122 s
916 2063 1019 2123 littere
1038 2064 1127 2122 modo
1149 2064 1271 2142 ponitur
1292 2063 1381 2123 modo

65 2163 156 2236 deficit,
181 2172 214 2224 nt
239 2169 272 2224 in
303 2165 398 2225 titulis
419 2165 601 2226 Tusculanis
624 2167 683 2225 vol.
704 2166 719 2224 I
741 2187 769 2226 n.
792 2165 840 2226 64.
858 2165 911 2226 65:
942 2166 984 2225 Μ.
1008 2167 1116 2226 Fourr'o
1148 2164 1180 2226 G.
1203 2168 1230 2242 s.
1255 2167 1382 2226 tribunos

64 2269 177 2342 siluere,
200 2268 334 2346 aliisque
355 2277 488 2329 remotae
509 2269 678 2328 vetustatis.

65 2736 127 2797 ³⁰⁰
147 2738 290 2797 columne
310 2753 374 2812 rep
398 2735 500 2796 Messe
521 2735 560 2794 ed
582 2735 720 2814 Appiam.

464 2926 468 2932 ¹
584 2861 613 2915 iu
635 2875 745 2915 summa
761 2867 848 2933 porte
1342 2925 1345 2936 ,

199 2943 231 2998 in
255 2940 349 2998 latere
648 2960 792 3019 columnae
1086 2941 1117 2996 in
1140 2937 1228 2996 latere

237 3119 315 3180 um
511 3104 927 3178 mumulo-m
1157 3115 1189 3174 x

647 3219 789 3281 ovum

131 3349 160 3406 A
180 3346 290 3408 Brizio
313 3345 493 3423 descriptum
515 3344 599 3404 misit
619 3341 743 3402 Henzen
767 3361 793 3401 u.
819 3340 908 3401 1874.

1044 3442 1103 3501 ΤΗ.
1126 3442 1299 3501 Mounsrn.
