3580 5938
377 554 425 624 20
971 571 1109 622 naman

377 756 499 805 scurata
526 753 605 818 eraty
636 746 717 822 quod
744 744 865 803 tradidit
886 764 993 804 nomen
1015 745 1119 821 utique
1141 743 1249 802 falsum
1273 754 1327 802 est.
1371 743 1573 821 Theophanes
1594 743 1708 820 reliquit

377 849 470 908 filium
493 849 534 907 M.
557 848 734 925 Pompeium
761 855 839 908 teste
861 845 1010 906 Strabone
1032 846 1136 923 (XIII,
1160 846 1235 923 618)
1261 846 1361 923 quisi
1384 845 1465 923 apud
1486 845 1641 905 Tiberium
1664 865 1706 903 ac-

377 953 552 1026 ceptissimo
575 951 709 1026 aequalis
732 951 798 1008 luit.
833 950 932 1007 Paene
955 957 1067 1008 certum
1089 949 1216 1022 videtur,
1240 950 1328 1008 etiam
1344 956 1458 1026 patrem
1472 948 1607 1008 Marcum
1623 948 1707 1006 Pom·

375 1054 475 1129 peium
499 1053 681 1111 nominatum
698 1053 803 1124 fuisse,
820 1050 1023 1128 Capitolinum
1039 1059 1139 1110 autem
1153 1053 1311 1110 erravisse.
1345 1050 1471 1128 Pompei
1488 1051 1601 1110 amicus
1617 1050 1707 1110 nesci·

376 1173 443 1214 mus
466 1174 526 1231 quo
542 1174 620 1213 anno
635 1161 771 1214 mortuus
787 1155 835 1213 sit.
868 1154 945 1213 Post
958 1154 1106 1232 proelium
1120 1153 1332 1214 Pharsalicum
1348 1171 1414 1212 oum
1429 1152 1577 1229 Pompeio
1592 1154 1707 1231 Mytile-

377 1277 434 1315 nen
456 1257 607 1335 prolectus
630 1277 701 1315 mox
722 1236 916 1315 illomortuo
930 1257 1058 1316 Romam
1080 1273 1220 1315 reversus
1243 1257 1306 1314 otia
1325 1255 1434 1314 litteris
1451 1257 1569 1316 dicasse
1584 1256 1706 1315 videtur.

376 1363 415 1418 A.
433 1360 473 1417 44
494 1360 673 1419 interrivos
695 1369 869 1418 numeratur
890 1378 909 1416 a
924 1357 1070 1418 Cicerone
1087 1359 1130 1416 'ad
1145 1359 1208 1418 Att.
1223 1357 1284 1416 XV
1301 1357 1348 1416 19.
1386 1359 1518 1417 Marcum
1533 1358 1707 1436 Pompeium

376 1462 472 1521 filium
487 1462 620 1539 Augusti
635 1461 780 1520 beneficio
794 1463 889 1522 Asiae
904 1470 1127 1537 procuratorem
1143 1460 1248 1531 luisse,
1265 1459 1371 1519 deinde
1387 1460 1541 1520 Tiberium
1556 1462 1707 1520 citavisse

376 1563 485 1625 Strabo
501 1572 673 1624 auctorest.
707 1565 787 1622 Iram
804 1583 874 1622 vero
889 1562 1006 1622 Tiberii
1022 1564 1138 1640 experti
1155 1572 1225 1621 sunt
1239 1563 1351 1639 posteri
1366 1563 1442 1634 eius,
1456 1581 1518 1640 quo
1533 1562 1570 1621 de
1586 1563 1707 1622 Tacitus

380 1665 445 1728 Ser.
463 1665 561 1726 Galba
576 1666 611 1724 L.
629 1664 715 1727 Sulla
734 1684 795 1725 cos.
816 1685 842 1722 a.
856 1665 894 1724 33
914 1666 1007 1724 haece
1026 1673 1130 1724 narrat
1151 1667 1204 1740 (Α.
1219 1663 1266 1722 Ν
1279 1663 1346 1740 26)ε
1368 1659 1469 1723 ‘etiam
1489 1665 1521 1723 in
1536 1663 1707 1741 Pompeiam

377 1770 541 1828 Macrinam
567 1769 692 1827 exilium
716 1768 869 1839 statuitur,
896 1769 982 1828 cuius
1005 1768 1143 1828 maritum
1165 1767 1340 1844 Argolicum
1364 1784 1501 1825 socerum
1522 1767 1673 1826 Laconem
1693 1786 1708 1824 e

376 1873 559 1952 primoribus
580 1871 770 1930 Achaeorum
794 1869 907 1930 Caesar
935 1871 1107 1942 adflixerat3
1134 1879 1218 1946 pater
1239 1887 1358 1946 qnoque
1378 1869 1515 1928 inlustris
1538 1888 1629 1946 eques
1650 1869 1709 1928 Ro·

377 1992 484 2032 manus
507 1992 542 2032 ac
564 1974 657 2032 trater
678 1973 846 2051 praetorius
869 1992 936 2031 cum
958 1973 1108 2032 damuatio
1130 1973 1257 2030 instaret
1279 1971 1382 2047 seipsi
1398 1971 1587 2031 interfecere:
1609 1972 1708 2030 datum

377 2085 442 2134 erat
467 2076 598 2146 crimini,
627 2075 707 2152 quod
730 2075 935 2150 Theophanen
958 2075 1174 2152 Mytilenaeum
1202 2092 1345 2149 proavum
1374 2093 1477 2133 eorum
1503 2072 1560 2133 (ln.
1583 2075 1708 2151 Magnus

376 2179 454 2237 inter
474 2179 596 2238 intimos
615 2178 771 2237 habuisset
786 2177 924 2258 quodque
938 2177 1076 2236 defuncto
1092 2175 1271 2252 Theophani
1286 2175 1432 2235 caelestes
1447 2165 1579 2236 bonores
1595 2172 1710 2236 Graeca

377 2281 510 2339 adulatio
533 2275 695 2340 tribuerat.’
732 2279 869 2338 Proavus
893 2278 1005 2338 seilicet
1023 2278 1224 2355 Theophanes
1246 2278 1302 2337 luit
1322 2277 1487 2355 Pompeiae
1509 2278 1663 2338 Macrinae
1683 2287 1710 2336 et

375 2384 482 2458 fratris¹
501 2382 654 2458 praetorii,
677 2390 710 2440 ut
730 2391 816 2459 pater
836 2382 974 2440 inlustris
990 2399 1081 2456 eques
1098 2381 1253 2440 Romanus
1269 2381 1363 2439 Marci
1378 2380 1505 2456 Pompei
1520 2380 1600 2440 tilius
1613 2380 1709 2439 fuerit.

379 2485 496 2544 Fratris
524 2485 669 2562 praetorii
689 2485 822 2543 fortasse
843 2485 973 2559 aliquam
995 2485 1170 2543 memoriam
1192 2483 1331 2559 quamvis
1354 2484 1495 2562 exiguam
1517 2479 1654 2542 teuen'rns
1675 2504 1710 2542 ex

378 2587 481 2646 eodem
504 2587 611 2646 Tacito
637 2589 719 2646 Anu.
740 2585 815 2645 172
839 2585 880 2662 (a.
900 2587 937 2646 15
963 2586 1067 2645 Druso
1096 2583 1227 2646 Caesare
1256 2583 1291 2644 O.
1319 2584 1464 2645 Norbano
1492 2585 1601 2661 coss.):
1630 2582 1709 2644 ‘mox

377 2689 519 2748 Tiberius
547 2689 736 2748 consultante
760 2689 903 2765 Pompeio
927 2689 1028 2746 Macro
1055 2697 1194 2764 praetore
1221 2705 1259 2746 an
1284 2687 1394 2746 iudicia
1418 2688 1587 2748 maiestatis
1609 2688 1709 2747 redde-

376 2802 489 2864 rentur,
516 2793 697 2851 exeroendas
718 2792 800 2870 leges
823 2809 890 2850 esse
912 2784 1085 2866 respondit’
1130 2787 1270 2849 Sororem
1293 2790 1385 2849 exilio
1407 2790 1563 2849 multatam
1585 2791 1617 2850 in
1638 2790 1708 2847 Les·

377 2895 449 2954 bum
472 2896 601 2970 patriam
623 2895 752 2954 insulam
774 2893 898 2952 rediisse
921 2891 1083 2951 verisimile
1105 2902 1160 2951 est.

459 2996 509 3056 Ad
544 2998 622 3056 hanc
656 2996 801 3056 familiam
837 2996 975 3054 fortunae
1011 2995 1127 3054 vicibus
1162 2995 1235 3054 satis
1268 2995 1410 3072 agitatam
1443 3003 1478 3054 ut
1509 3013 1562 3054 eos
1595 2997 1649 3071 qui
1680 2995 1708 3053 in

378 3100 469 3158 titulo
503 3100 560 3157 hoc
592 3107 797 3157 memorantur
828 3098 964 3157 homines
995 3098 1151 3168 referrem,
1183 3099 1242 3156 tria
1273 3117 1320 3155 me
1351 3097 1546 3157 induxerunt:
1583 3100 1710 3176 primum

377 3201 588 3278 Pompeiorum
615 3220 725 3259 nomen
753 3200 879 3276 gentile,
906 3198 1012 3258 deinde
1035 3199 1185 3260 Macrinus
1216 3217 1394 3276 cognomen,
1422 3201 1550 3278 denique
1577 3201 1660 3276 quod
1680 3199 1710 3257 in

375 3303 477 3361 Lesbo
506 3302 607 3362 insula
634 3313 769 3381 repertus
798 3312 844 3361 est
872 3301 975 3360 titulus
1005 3311 1033 3360 st
1061 3302 1183 3378 quidem
1210 3302 1242 3359 in
1264 3303 1334 3379 ipsa
1353 3303 1604 3379 Mytilenaeorum
1628 3303 1709 3360 urbe.

377 3404 503 3463 Lemma
529 3405 609 3464 enim
636 3413 696 3463 est:
725 3405 840 3464 Ibidem
867 3405 895 3462 h.
917 3424 942 3463 e.
969 3405 1000 3462 in
1027 3404 1144 3463 balneis
1166 3403 1273 3475 Lesbi,
1300 3423 1377 3480 quae
1399 3405 1506 3463 balnea
1527 3417 1598 3464 sunt
1619 3423 1710 3481 prope

376 3507 542 3584 Mytilenen
566 3509 638 3580 sita,
660 3507 778 3566 Dianae
800 3507 962 3566 Thermiae
984 3509 1079 3566 sacris
1101 3507 1247 3584 testisque
1268 3508 1433 3579 celebrata,
1456 3507 1492 3566 de
1513 3507 1623 3583 quibus
1643 3493 1710 3565 ¹ride

378 3607 480 3668 Conze
502 3610 619 3669 Lesbos
646 3630 675 3687 p.
695 3609 741 3668 16.
787 3607 952 3668 Confirmat
980 3609 1108 3686 denique
1136 3610 1335 3668 coniecturam
1361 3611 1403 3669 M.
1429 3608 1555 3686 Pompei
1582 3609 1708 3668 Macrini

377 3721 516 3789 quartum
539 3731 647 3771 nomen
670 3722 842 3788 corruptum
865 3716 1082 3771 ΘΕΟΙΑΝΝΕΙ.
1115 3711 1186 3770 Non
1207 3713 1326 3772 invenio
1348 3712 1420 3790 quid
1435 3711 1556 3771 facilius
1571 3713 1710 3788 aptiusve

378 3816 496 3874 restitui
519 3817 616 3892 possit
638 3834 727 3891 quam
748 3815 822 3873 illud
844 3813 924 3891 quod
945 3813 1089 3891 proposui
1111 3833 1219 3873 nornen
1236 3804 1386 3888 Θεοφάνου
1410 3834 1429 3873 a
1447 3814 1544 3892 gentis
1557 3815 1710 3873 conditore

377 3917 520 3976 traditum
547 3927 766 3996 receptumque.
810 3917 969 3994 Duplicem
998 3922 1019 3975 Ν
1047 3917 1176 3976 litteram
1203 3935 1264 3975 non
1292 3917 1418 3976 obstabo
1446 3917 1472 3976 si
1499 3917 1567 3993 quis
1595 3915 1710 3976 librarii

377 4020 583 4097 neglegentiae
609 4020 778 4079 condonare
800 4020 886 4092 velit3
917 4021 971 4078 sed
996 4026 1097 4095 potest
1123 4020 1213 4078 etiam
1238 4021 1304 4097 lege
1329 4021 1383 4080 niti
1412 4038 1501 4097 quam
1523 4019 1709 4098 grammatici

378 4140 489 4198 eosque
512 4123 605 4181 secuti
627 4122 709 4181 illius
731 4124 875 4200 temporis
890 4123 1056 4181 Aeolenses
1078 4139 1118 4180 ex
1139 4122 1218 4181 mals
1238 4122 1390 4182 intellecto
1411 4123 1532 4201 liuguae
1547 4141 1604 4183 usu
1618 4121 1710 4181 duxe-

377 4233 455 4297 runt,
477 4224 570 4284 veluti
592 4222 759 4302 Gregorius
782 4223 852 4284 Cor.
870 4225 943 4284 609:
967 4211 1041 4282 otinas
1063 4214 1160 4282 urium
1181 4218 1218 4281 τὰ
1241 4213 1384 4303 σύμφωνα
1406 4215 1647 4296 διπλασιάζουσιν
1668 4212 1710 4280 tri

376 4327 431 4384 suiv
452 4317 609 4409 [lpoqus'wv'
633 4322 669 4385 oie
689 4321 720 4383 τὸ
744 4317 851 4394 ἔννεπε,
874 4317 948 4396 iuva,
970 4318 1070 4387 ae'vcct.
1087 4359 1128 4372 ·-
1154 4331 1187 4384 ΕΙ
1210 4327 1242 4386 in
1265 4332 1317 4385 ΟΥ
1341 4335 1504 4387 correctum
1525 4328 1601 4386 nihil
1622 4328 1711 4386 habet

378 4428 570 4502 offensionis,
597 4429 686 4488 modo
711 4429 845 4490 lunatam
871 4429 968 4489 fuisse
994 4430 1112 4488 litterae
1141 4432 1161 4484 Ε
1188 4429 1315 4488 formam
1337 4429 1436 4507 lingas
1459 4427 1518 4507 (Ε).
1562 4433 1710 4490 Accurate

377 4531 455 4590 enim
483 4549 610 4608 usquam
637 4533 804 4592 litterarum
830 4533 942 4610 figuras
970 4531 1002 4590 in
1030 4531 1088 4590 hoc
1114 4532 1288 4608 apographo
1311 4531 1436 4592 nuditas
1459 4549 1526 4591 esse
1547 4533 1636 4592 valde
1659 4534 1711 4591 du-

376 4633 452 4708 bito,
476 4634 502 4692 si
524 4635 644 4712 quidem
666 4645 699 4695 ut
719 4655 810 4696 unum
831 4636 983 4714 proferam
1005 4634 1122 4694 litterae
1145 4637 1169 4692 ui
1189 4634 1220 4692 iu
1243 4634 1380 4694 omnibns
1402 4634 1462 4693 illis
1484 4634 1557 4694 satis
1573 4634 1711 4694 ¹diversae

376 4736 484 4794 aetatis
511 4737 608 4797 titulis
635 4740 733 4816 figura
759 4738 862 4800 eadem
890 4738 1022 4815 pingitur
1047 4736 1086 4796 ad
1112 4741 1145 4795 ω
1171 4737 1310 4814 proxime
1339 4737 1493 4797 accedens.
1540 4737 1590 4797 De
1615 4737 1711 4796 forms

376 4837 504 4914 denique
519 4842 650 4915 genetivi
665 4830 827 4920 Θεοφάνου,
848 4860 926 4920 quae
948 4839 1122 4899 traditorum
1143 4840 1280 4918 vestigiis
1295 4841 1527 4912 commendatur,
1549 4839 1586 4899 cs.
1603 4841 1710 4900 Weck-

375 4939 435 5000 lein
457 4938 555 5000 Curae
578 4943 672 5020 epigr.
695 4963 724 5022 p.
741 4943 790 5003 23.

458 5041 615 5104 Habemus
642 5045 734 5121 igitur
759 5046 801 5104 M.
828 5046 1007 5123 Pompeium
1032 5044 1200 5105 Macrinum
1223 5045 1437 5123 Theophanem
1464 5053 1596 5124 patrem,
1621 5045 1709 5104 Pom·

376 5143 475 5222 peiam
497 5146 732 5226 Agrippinillam
754 5148 846 5208 filiam
869 5148 1053 5226 eandemque
1075 5166 1202 5207 uxorem
1218 5148 1260 5208 M.
1277 5145 1368 5209 Gabii
1391 5148 1430 5225 (s.
1448 5145 1552 5225 Gavii)
1577 5189 1710 5207 .......
