3580 5938
400 551 448 622 86

399 745 475 804 Item
498 745 641 823 pluralia:
680 823 686 826 -

806 867 960 951 Aequiculi
1167 868 1256 928 Eruli

808 972 913 1031 Corelli
1115 990 1127 1030 s
1168 971 1267 1030 Fundi

809 1074 917 1134 Corioli
1167 1072 1281 1133 Puteoli

401 1267 572 1329 Secundum
603 1275 771 1326 exterarum
801 1265 1050 1327 cousuetudinem
1077 1267 1210 1346 gentium
1237 1266 1367 1326 formata
1395 1275 1464 1326 suut
1491 1287 1510 1326 a
1537 1266 1661 1328 Gadibus
1684 1277 1707 1324 et

401 1391 421 1430 a
440 1369 585 1449 Neapolir

810 1488 973 1549 Gaditanus
1167 1489 1376 1568 Neapolitanus

402 1684 512 1760 quibus
534 1682 663 1742 fortusse
685 1683 799 1742 aceedit
817 1681 985 1756 Tdditonua,
1009 1682 1156 1759 siquidem
1176 1699 1354 1760 componere
1375 1682 1445 1741 licet
1466 1681 1523 1741 hoc
1542 1702 1643 1742 nomeu
1655 1703 1708 1742 cun

403 1787 514 1864 oppido
536 1785 647 1844 Tuder.
691 1785 721 1842 A
742 1784 929 1843 Tudertibus
952 1784 1133 1844 Tudertonus
1155 1785 1274 1861 quidem
1296 1785 1490 1863 lieripotuit,
1513 1785 1566 1843 sed
1585 1793 1708 1844 mutatum

403 1889 501 1948 estin
527 1888 685 1947 Tuditanus
707 1887 837 1946 fortasse
858 1893 981 1964 propter
1003 1887 1069 1946 soni
1090 1886 1245 1960 duritiem3
1272 1907 1342 1947 nam
1364 1886 1444 1964 quod
1465 1889 1571 1946 Ateius
1592 1889 1711 1964 probarit

403 2012 422 2051 a
443 1991 537 2049 ludite
558 1989 755 2067 veriloquium
777 1989 907 2066 (Festus
929 2007 959 2066 p.
978 1987 1053 2066 352)
1075 1990 1163 2049 nobis
1184 1989 1341 2067 probabile
1359 2009 1420 2049 non
1441 2001 1497 2049 est.
1540 1989 1669 2066 Denique
1687 1999 1712 2048 ut

404 2114 423 2153 a
443 2100 544 2152 monte
567 2093 736 2166 Montanus,
764 2093 808 2150 ita
828 2100 909 2150 recte
931 2110 950 2150 a
971 2089 1074 2150 Caelio
1096 2101 1196 2151 monte
1220 2092 1465 2152 Coeliomontonua
1488 2093 1551 2152 sire
1575 2093 1712 2153 Coelimon-

405 2208 488 2256 tunus
507 2195 617 2255 iactum
640 2204 700 2265 est;
722 2195 749 2254 ei
772 2193 884 2254 similia
905 2203 977 2254 suut
996 2193 1191 2254 Albinouanus
1214 2194 1252 2254 ab
1274 2194 1352 2253 Alba
1372 2213 1448 2253 noan
1468 2194 1590 2254 Albinae
1608 2215 1673 2255 noco
1690 2203 1713 2252 et

410 2301 611 2360 Tusciuicanus
632 2318 653 2357 a
672 2301 734 2357 uico
756 2297 845 2356 Tusco
867 2295 1010 2356 derivata.
1046 2297 1094 2356 Ea
1115 2297 1181 2357 sola
1203 2305 1274 2356 su'nt
1293 2297 1440 2356 vocabula
1461 2298 1631 2375 composita,
1652 2316 1714 2373 quae

404 2403 435 2462 iu
457 2409 519 2461 toto
541 2402 598 2461 hoc
619 2400 773 2459 nominum
796 2399 901 2458 ordine
922 2408 1035 2459 extant.

489 2503 641 2563 Interdum
664 2502 843 2580 oppidorum
864 2503 1044 2579 populorum
1066 2503 1221 2581 regionum
1245 2503 1379 2562 locorum
1400 2502 1526 2563 aliorum
1541 2503 1713 2562 uomiuaiam

405 2628 459 2688 per
474 2627 512 2667 an
527 2605 669 2666 suffixum
684 2606 812 2663 formata
825 2604 995 2664 nominibus
1010 2605 1156 2681 originem
1172 2605 1327 2664 dederunt.
1362 2606 1408 2664 lta
1423 2606 1460 2664 ab
1476 2605 1609 2666 Aeclauo
1622 2605 1714 2664 iactum

407 2718 453 2770 est
468 2709 634 2780 Aeclanius,
657 2708 825 2767 aBoviano
848 2716 909 2767 tam
924 2707 1074 2766 Bouianua
1096 2725 1186 2783 quam
1199 2707 1370 2777 Romanius,
1392 2708 1430 2766 ab
1450 2707 1637 2768 Herculaneo
1654 2707 1716 2765 Her·

407 2813 541 2873 culaneus
556 2811 750 2870 Herculea-ius
772 2818 803 2868 et
823 2810 861 2868 ub
883 2811 931 2868 his
950 2829 1012 2869 non
1026 2811 1151 2868 multum
1168 2809 1318 2870 diversum
1332 2809 1529 2882 Herculanus3
1553 2832 1572 2870 a
1584 2809 1717 2868 Taurania

407 2915 536 2974 fortasse
553 2913 725 2972 Tannonius.
759 2912 945 2989 Populorum
966 2912 1089 2970 nomina
1111 2912 1275 2972 Cassitanua
1297 2911 1475 2972 Frentronua
1493 2903 1648 2972 Germanus
1660 2911 1716 2969 His-

403 3036 500 3096 ponus
519 3015 657 3076 Lucanus
673 3015 886 3074 Praetuttionua
901 3013 1062 3090 Sequdnua,
1084 3015 1193 3074 montis
1217 3014 1360 3086 Vaticani,
1381 3016 1452 3094 pagi
1475 3015 1596 3086 Vellent,
1615 3014 1718 3072 Vononi

407 3119 540 3179 fluminis
563 3117 698 3178 similiter
719 3115 844 3175 redeunt
863 3117 942 3175 inter
963 3116 1084 3174 nomina
1105 3117 1333 3193 cognominave3
1356 3115 1515 3188 interdum,
1538 3127 1570 3177 ut
1588 3117 1716 3182 Lucanus,

407 3221 553 3280 trifarium
577 3219 730 3297 (Lucanus
752 3238 875 3291 nomen,
899 3235 1073 3295 cognomen,
1094 3217 1244 3277 Luconius
1266 3217 1387 3295 nomen)
1409 3219 1551 3278 adhibita.
1594 3217 1718 3280 Similiter

369 3313 371 3318 ⁵
407 3333 511 3385 notum
534 3330 581 3382 est
602 3341 621 3380 a
641 3321 774 3380 Traiano
796 3323 875 3380 viam
897 3320 1006 3380 dictam
1029 3338 1096 3380 esse
1118 3321 1286 3397 etreliqua
1308 3321 1447 3393 Tbaiana,
1469 3340 1529 3380 uon
1547 3321 1717 3380 licioniuno.

408 3440 441 3487 ut
468 3429 506 3487 ab
533 3427 670 3503 Augusto
697 3423 846 3500 Aupusta3
877 3423 1026 3482 interdum
1054 3435 1153 3482 tamen
1182 3423 1321 3500 analogia
1347 3423 1429 3496 lecit,
1457 3431 1491 3482 ut
1518 3424 1591 3486 talia
1615 3440 1718 3500 quoque

408 3537 602 3588 mutarentur.
645 3527 691 3585 lta
718 3545 737 3584 a
757 3525 877 3585 Lucano
903 3527 1033 3603 quodam
1060 3534 1187 3584 turmam
1214 3525 1324 3584 dictam
1349 3526 1513 3602 reperimus
1534 3525 1717 3586 Lucaniacum

410 3629 649 3709 (Ore11.3415);
678 3647 805 3707 quocum
827 3628 1038 3687 conferendum
1059 3628 1256 3687 Romanianua
1277 3646 1385 3686 nomen
1406 3627 1600 3704 gentilicium.
1641 3627 1717 3684 Acce·

408 3733 483 3793 dunt
502 3733 551 3791 his
573 3731 703 3790 fortasse
725 3731 893 3791 Boebiunus
915 3731 1069 3790 Marianus
1091 3730 1209 3806 aliaque
1232 3729 1351 3802 similia,
1375 3747 1451 3807 quae
1473 3731 1562 3789 etiam
1583 3749 1620 3790 ex
1639 3727 1716 3808 geuri-

408 3835 484 3895 liciis
506 3833 635 3895 derivari
656 3833 792 3910 potuisse
814 3833 953 3892 vidimus.

492 3938 598 4012 ltaque
624 3955 663 3995 ex
690 3935 787 3994 forma
811 3936 947 3996 derivata
972 3935 1003 3994 in
1025 3955 1097 3995 onus
1123 3935 1187 3995 sire
1209 3939 1292 3994 anina
1314 3935 1402 3994 radix
1423 3935 1489 4010 ipsa
1511 3937 1595 3995 cuius
1616 3931 1718 4014 generis

408 4041 498 4100 fuerit
519 4047 599 4098 certo
622 4038 738 4096 deliniri
760 4038 872 4114 nequit.
915 4038 1031 4097 Tamen
1052 4037 1245 4114 probabiliter
1266 4036 1432 4114 comparari
1454 4045 1582 4112 possunt
1603 4037 1718 4096 derivata

409 4164 428 4202 a
453 4142 624 4202 nominibus
652 4140 837 4216 simplicibus
864 4141 895 4199 in
924 4159 943 4199 a
969 4141 1187 4213 desinentibus,
1221 4141 1312 4199 veluti
1338 4140 1417 4198 Atta
1442 4141 1522 4201 Boiu
1548 4141 1628 4199 Buca
1655 4135 1717 4196 Coro

413 4247 489 4306 Cosa
510 4241 612 4305 'Luca
632 4242 713 4302 Nola
732 4241 834 4301 Norba
854 4243 946 4302 Romo
968 4242 1046 4302 Sora
1068 4241 1165 4303 Suasa
1190 4243 1291 4314 Treba,
1313 4261 1382 4301 cum
1402 4242 1464 4302 his:

819 4424 917 4484 Corda
1108 4447 1135 4487 ro
1177 4429 1263 4488 Sceta

820 4528 909 4604 Carsu
1177 4531 1292 4606 Spauta

817 4627 936 4690 ‘Maece
1180 4634 1254 4692 Teba

816 4733 907 4792 Musa
1175 4732 1274 4794 *Trita

764 4857 776 4894 s
819 4831 921 4893 *Noua
1181 4837 1265 4896 Vella

817 4934 907 4996 ‘Octa
1109 4957 1134 4996 ra
1184 4939 1268 4997 Vesta

823 5038 883 5097 Orc
1181 5040 1258 5098 Vera

819 5139 895 5199 Sala
1181 5140 1259 5200 Vora

819 5241 892 5304 sau
