3530 5932
515 514 591 563 nex
609 513 691 564 sou.
712 513 942 564 aauemvss.
1328 496 1396 566 141

78 701 179 750 ratores
204 689 383 766 respiciunt,
410 707 507 765 neque
530 695 656 765 apparet
677 690 783 746 iudices
805 687 851 745 illi
873 706 932 762 quo
954 687 1137 764 pertineant,
1164 697 1197 744 ut
1219 707 1278 745 non
1299 689 1400 766 inepte

78 796 118 852 bic
137 811 253 870 quoquc
276 793 312 850 de
333 791 564 867 interpolatione
586 790 711 867 cogitari
733 789 843 866 possit3
867 797 947 850 certe
964 791 1045 866 quod
1059 799 1252 866 expectamus
1268 793 1324 849 hoc
1339 802 1398 850 est:

77 899 153 973 quasi
171 899 197 952 si
218 898 420 971 reciperatores
441 897 472 951 in
494 912 556 952 eam
576 912 635 950 reru
657 895 719 952 dati
740 912 795 951 aaa
818 902 915 950 essent.
950 893 999 950 Ad
1019 893 1062 951 rei
1078 893 1212 968 privatae
1227 893 1340 952 iudicia
1353 913 1400 951 re-

76 999 253 1076 cuperatoris
275 996 433 1073 quominus
452 995 523 1054 item
538 996 691 1054 trahamus
707 1013 785 1071 quae
808 1013 832 1052 c.
846 993 935 1054 XCV
950 995 1099 1072 leguntur,
1121 995 1223 1054 obstat
1237 1015 1301 1054 cum
1318 998 1400 1072 quod

76 1103 110 1160 ibi
135 1101 183 1160 ubi
208 1100 308 1177 agitur
329 1099 366 1156 de
393 1099 571 1175 magistratu
592 1107 711 1176 petente
733 1097 905 1156 excusando
928 1097 1056 1156 adicitur
1078 1116 1145 1156 eum
1168 1117 1200 1156 ea
1221 1116 1252 1155 re
1275 1099 1400 1158 colonica

76 1213 176 1282 petere,
197 1210 260 1261 tum
284 1202 415 1260 maxime
442 1200 526 1276 (nam
546 1201 603 1259 hoc
624 1201 826 1260 additamento
849 1199 1034 1278 significatur
1056 1201 1174 1276 quidem
1198 1199 1340 1259 iudicium
1363 1202 1400 1259 de

74 1305 236 1384 republica
257 1312 442 1382 susceptum,
464 1303 599 1362 sednon
621 1302 789 1362 excluditur
810 1304 1020 1381 magistratum
1042 1303 1230 1380 privatumne
1253 1305 1342 1364 etiam
1362 1305 1399 1362 de

76 1429 123 1468 sua
142 1428 172 1466 re
194 1407 333 1466 similiter
353 1406 435 1465 litem
459 1405 622 1464 contestari
644 1405 794 1483 potuisse)
817 1406 935 1464 testium
959 1406 1051 1476 ratio,
1074 1423 1165 1481 quam
1187 1407 1266 1464 iufra
1287 1407 1400 1465 uidebi-

75 1530 132 1570 mus
158 1529 177 1568 a
201 1509 328 1586 privatis
354 1509 475 1568 iudiciis
503 1509 630 1567 alienam
654 1526 731 1566 esse.
775 1508 914 1584 Denique
936 1526 995 1566 non
1018 1507 1083 1566 sine
1104 1525 1196 1565 cansa
1216 1508 1285 1567 huic
1308 1510 1399 1585 capiti

75 1613 254 1691 subiungitur
277 1609 394 1684 XCVI,
417 1631 475 1687 qno
498 1611 604 1669 duovir
624 1611 752 1682 iubetur,
780 1610 806 1669 si
828 1609 875 1668 cui
897 1609 1049 1668 decurioni
1072 1610 1108 1668 de
1130 1611 1256 1686 pecunia
1278 1612 1400 1688 publica

75 1717 203 1774 multisve
225 1715 371 1792 poenisve
397 1715 504 1772 locove
529 1713 648 1790 publico
670 1712 806 1789 quaestio
828 1713 1009 1771 iudiciumne
1029 1712 1244 1771 instituendum
1267 1732 1335 1772 esse
1357 1714 1399 1770 vi-

74 1819 175 1892 deatur,
200 1817 237 1876 de
265 1837 302 1874 ea
327 1837 361 1876 re
388 1817 485 1894 primo
499 1795 631 1891 'quoque
654 1814 701 1874 die
723 1814 762 1872 ad
784 1815 960 1874 decuriones
982 1813 1100 1874 referre.
1123 1847 1160 1858 -
1191 1814 1398 1892 Magistratus

70 1921 144 1997 ,apud
169 1939 257 1997 quem
285 1919 329 1978 ita
355 1919 467 1996 agitur,
494 1918 600 1976 duovir
625 1927 672 1977 est
692 1918 899 1993 praelectuave
921 1917 1071 1988 coloniae,
1098 1924 1131 1975 ut
1152 1926 1199 1975 est
1220 1925 1249 1976 et
1270 1937 1294 1976 o.
1311 1917 1399 1978 XCV

77 2025 98 2083 1.
113 2023 147 2080 33
169 2033 199 2082 et
218 2023 250 2080 in
272 2021 350 2079 locis
373 2039 464 2098 supra
486 2021 649 2098 propositis
670 2019 868 2096 interpolatis,
890 2019 948 2078 nisi
970 2020 1050 2095 quod
1072 2019 1102 2078 in
1122 2038 1180 2078 uno
1195 2037 1296 2079 eorum
1313 2021 1341 2094 t,
1358 2022 1397 2080 50

78 2126 179 2184 accedit
203 2125 346 2183 interrex.
391 2121 535 2184 Similiter
556 2123 587 2182 in
609 2123 675 2198 lege
698 2121 839 2182 Caesaris
861 2122 980 2199 agraria
1002 2123 1065 2180 sive
1087 2121 1221 2180 Mamilia
1242 2141 1267 2181 c.
1281 2121 1339 2181 LV
1361 2123 1398 2182 de

75 2227 170 2286 iudicio
192 2227 365 2286 sestertium
379 2223 409 2282 V
423 2225 537 2284 milium
560 2225 589 2282 in
612 2225 762 2300 publicum
785 2225 920 2283 coloniae
943 2225 1134 2300 municipiive
1156 2233 1279 2301 propter
1297 2227 1397 2284 termi-

76 2350 133 2389 num
154 2331 280 2390 eiectum
307 2327 528 2386 inserendorum
556 2337 676 2386 cautum
703 2335 750 2384 est
776 2328 833 2385 sic:
862 2329 896 2385 de
917 2347 951 2386 ea
972 2345 1003 2385 ra
1025 2331 1166 2386 curatoris
1188 2331 1238 2404 qui
1259 2329 1314 2387 bac
1338 2331 1397 2405 leqe

76 2438 120 2490 ait
142 2433 375 2510 (intelleguntur
397 2430 502 2489 lIlviri
524 2431 660 2489 coloniae
681 2429 871 2488 deducendae
893 2430 1065 2506 similesque
1088 2431 1296 2506 magistratus)
1323 2434 1397 2490 iaris
1419 2451 1421 2458 ·

77 2537 148 2593 dictio
169 2538 446 2612 reciperatorumque
467 2535 546 2592 datia
568 2533 693 2591 addictio
716 2541 782 2591 esto.
817 2551 879 2590 cum
900 2543 1017 2592 curator
1038 2533 1092 2591 bac
1108 2532 1167 2608 ispe
1179 2551 1237 2590 aaa
1252 2536 1315 2606 erit,
1340 2543 1397 2591 tura

75 2643 228 2714 quicumque
254 2641 440 2713 meptatracar
467 2638 498 2694 irt
525 2655 559 2694 ea
584 2635 697 2693 colonia
724 2637 878 2710 municipio
904 2637 1090 2712 praefectura
1110 2637 1179 2710 foro
1208 2635 1396 2694 conciliabulo

77 2745 127 2796 iure
150 2741 271 2799 dicanda
294 2741 437 2816 praeerit,
466 2741 526 2796 aius
552 2741 738 2813 magistratus
766 2739 800 2795 de
827 2755 861 2794 ea
882 2755 912 2794 ra
933 2739 1006 2794 iuris
1029 2739 1113 2797 dictio
1135 2738 1295 2812 iudiciaque
1317 2740 1396 2796 datio

78 2843 187 2901 addictio
209 2852 277 2900 esto.
321 2841 456 2900 Iudicem
482 2839 563 2916 quod
586 2839 657 2897 dare
679 2839 796 2899 iubetur
818 2838 1026 2916 magistratus,
1055 2859 1091 2898 eo
1113 2858 1172 2897 non
1196 2839 1396 2899 excluduntur
1460 2906 1466 2918 ¹

78 2952 303 3022 recuperatores,
335 2944 389 3002 sed
421 2942 555 3020 generali
585 2941 731 3001 vocabulo
759 2941 808 2999 lex
836 2941 894 2999 hoc
921 2941 987 2999 loco
1017 2942 1111 3000 utitur
1141 2942 1242 3020 legum
1271 2941 1307 3000 de
1335 2944 1394 3001 sin-

79 3047 145 3120 gulis
169 3047 297 3106 coloniis
320 3053 425 3122 postea
447 3045 612 3103 dandarum
637 3044 814 3102 iudiciorum
841 3044 1046 3102 ordinationes
1073 3063 1176 3103 omnes
1202 3044 1291 3102 simul
1316 3063 1395 3104 com·

78 3149 205 3224 plectens.
228 3181 265 3191 -
294 3147 534 3224 Recuperatores
560 3148 604 3205 ita
630 3147 752 3220 dantur,
779 3155 813 3204 ut
834 3156 915 3204 certo
937 3146 984 3204 die
1007 3145 1137 3205 iudicare
1160 3147 1329 3220 iubeantur,
1359 3167 1394 3205 eo

80 3251 117 3308 die
137 3253 162 3312 si
182 3271 240 3310 non
262 3251 432 3323 iudicarint,
454 3250 506 3326 qui
529 3249 611 3308 dedit
632 3249 724 3307 alium
747 3248 826 3308 diem
848 3249 886 3306 iis
909 3248 1075 3326 praefiniat,
1097 3256 1160 3307 tota
1184 3258 1282 3309 tamen
1305 3267 1395 3308 causa

79 3355 183 3414 omnino
207 3355 289 3413 intra
310 3353 483 3412 vicesimum
511 3351 588 3410 diem
616 3353 798 3410 terminetur.
844 3349 930 3426 Quae
956 3370 1036 3409 nora
1062 3360 1132 3410 sunt
1157 3353 1270 3424 omuia3
1297 3353 1396 3412 adhuc

79 3456 145 3514 euim
164 3458 218 3516 boc
239 3463 355 3516 tantum
377 3456 534 3514 constabat
555 3455 697 3514 iudicium
715 3454 863 3530 privatum
879 3473 934 3530 per
948 3463 1171 3532 recuperatores
1187 3455 1313 3514 celerius
1329 3476 1393 3533 per-

79 3557 174 3618 tectum
195 3578 262 3618 esse
283 3577 374 3636 quam
395 3577 449 3634 per
471 3577 563 3616 unum
584 3556 763 3634 iudicem1).
806 3556 1061 3632 Recuperatorum
1084 3557 1201 3616 sortitio
1223 3565 1252 3616 et
1273 3559 1395 3617 reiectio

78 3671 332 3722 commemorantur
355 3659 383 3733 2,
401 3659 450 3732 tt,
473 3660 643 3720 accuratius
665 3669 764 3718 autem
786 3677 847 3718 non
869 3659 1059 3718 definiuntur.
1075 3691 1116 3702 -
1137 3660 1211 3736 Ipsa
1233 3660 1310 3719 actio
1331 3661 1395 3719 sire

78 3768 189 3836 quaestio
214 3764 299 3840 (nam
326 3762 489 3840 quaerendi
511 3762 658 3822 vocabulo
684 3761 734 3821 lex
761 3761 798 3820 de
825 3780 859 3820 eo
888 3761 997 3820 indicio
1025 3763 1117 3820 utitur
1139 3761 1171 3834 2,
1189 3761 1217 3821 6.
1237 3762 1286 3821 36.
1310 3763 1343 3836 3,
1361 3763 1393 3838 6)

78 3864 216 3940 popularis
242 3873 304 3938 est3
331 3866 407 3942 petit
434 3865 528 3936 enim,
556 3871 589 3923 ut
615 3872 757 3941 perpetuo
787 3864 818 3921 in
845 3863 947 3923 multis
969 3864 1108 3937 adicitur,
1136 3868 1186 3941 qai
1206 3865 1289 3923 colet.
1333 3863 1395 3924 Sed

77 3964 119 4024 lex
142 3967 172 4024 in
196 3968 354 4028 ordinandi
380 3967 490 4026 iudicio
518 3967 689 4045 distinguit,
715 3971 741 4025 si
766 3967 868 4026 daour'r
885 3968 1049 4043 praefectus
1066 3976 1144 4043 petat
1163 3976 1194 4025 et
1214 3971 1241 4024 si
1257 3970 1393 4043 priuatus

77 4078 152 4140 petet3
178 4089 299 4147 quorum
327 4069 402 4128 illud
428 4070 604 4147 plerumque
632 4069 744 4128 iactum
771 4088 838 4128 esse
865 4069 1021 4146 probabile
1047 4077 1095 4128 cst
1121 4079 1151 4128 et
1175 4078 1299 4146 propter
1325 4089 1393 4128 can-

79 4187 132 4228 sam
153 4173 295 4233 multandi
323 4173 406 4248 (nam
435 4173 534 4249 agitur
566 4171 662 4230 ubivis
683 4171 720 4230 de
743 4171 851 4230 delicto
873 4171 992 4249 publico
1013 4176 1168 4249 puellaque
1189 4172 1222 4230 in
1243 4171 1394 4247 publicum

78 4272 235 4352 redigenda)
263 4285 293 4334 et
313 4282 487 4353 propterea,
514 4273 594 4351 quod
616 4273 687 4332 olim
710 4275 790 4350 apud
809 4273 963 4332 Romanos
987 4274 1060 4333 solis
1081 4273 1306 4352 magistratibus
1329 4275 1393 4334 eius

77 4377 182 4447 generis
208 4396 372 4456 poenarum
405 4377 599 4453 petendarum
628 4375 675 4435 ius
701 4377 796 4436 fuisse
825 4374 997 4453 ridetur²);
1032 4376 1159 4453 denique
1188 4376 1269 4452 quod
1299 4378 1329 4449 1,
1353 4377 1392 4435 34

77 4473 145 4534 llrir
172 4480 376 4554 praelectusve
404 4487 434 4537 et
461 4489 686 4555 recuperatores
716 4488 746 4538 et
772 4499 840 4538 eum
867 4479 952 4538 cuius
980 4497 1029 4537 res
1058 4479 1157 4555 agitur
1184 4478 1291 4537 adesse
1312 4479 1394 4536 iubet

78 4589 166 4638 actore
192 4584 315 4654 omisso,
342 4581 432 4642 facile
454 4581 636 4658 explicatur,
663 4582 689 4642 si
712 4582 831 4658 quidem
851 4581 917 4657 ipse
939 4582 1134 4660 magistratus
1157 4589 1271 4640 actores
1293 4587 1393 4659 partes

146 4905 168 4968 ¹)
196 4907 281 4962 Cicero
293 4926 341 4976 pro
355 4910 424 4961 Tull.
443 4911 488 4960 lo:
508 4911 693 4978 reciperatores
711 4908 782 4973 dore,
802 4917 921 4977 utquam
935 4911 1045 4977 primum
1056 4925 1098 4959 res
1109 4907 1274 4960 iudicaretur.
1303 4911 1392 4961 Dicin.

81 4995 204 5048 inCaecil.
220 5003 315 5064 taes.
342 5003 644 5068 pertemptatus.
670 5005 727 5055 Liv.
743 5003 845 5065 26,48.
874 5003 972 5065 (taint,
989 5002 1050 5053 185.
1082 5003 1113 5053 lo
1130 5004 1186 5067 lege
1199 5003 1302 5067 agraria
1321 5017 1345 5052 v.
1357 5005 1391 5053 37

81 5091 231 5154 amantur
247 5095 345 5145 decimo
364 5095 407 5145 die
426 5103 619 5162 recuperatores
639 5097 701 5148 dare
715 5097 825 5160 iubetur,
845 5103 980 5162 postquam
994 5096 1027 5146 ad
1041 5109 1100 5145 eum
1113 5095 1140 5146 in
1153 5096 1192 5145 ius
1206 5095 1302 5146 aditam
1317 5096 1373 5145 erit.

146 5197 169 5262 ²)
195 5200 386 5270 Staatsreclrt1‚
402 5207 464 5258 141.
