3580 5938
567 525 718 577 erstacr
735 525 932 578 essenon.
1369 509 1416 578 23

102 713 166 762 trem
190 719 305 779 qnoque
332 701 438 760 ecdem
463 718 586 761 munere
611 699 744 760 iunctum
765 718 848 773 ease,
874 701 921 760 cui
943 719 1088 777 perquam
1110 703 1182 777 a'pte
1201 702 1303 760 statim
1325 719 1417 776 puero

101 805 283 864 familiaribus
305 803 354 863 dei
376 803 471 862 saeris
492 802 640 862 destinato
660 801 835 881 impositum
857 813 922 862 erat
942 821 1050 862 nomen
1071 805 1110 862 ab
1132 803 1180 862 dei
1202 804 1320 861 nomine
1341 802 1417 861 deri·

100 917 196 966 ratum.
232 904 313 981 Quid
333 906 439 966 feeerit
453 904 644 980 Asclepiadis
666 905 758 979 filius,
780 925 818 966 na
839 906 883 963 sic
905 906 1026 982 quidem
1047 913 1234 981 compertum
1257 905 1401 964 habemus
1408 926 1416 977 3

98 1009 145 1070 sed
164 1007 275 1069 ridetur
300 1027 355 1068 sno
382 1008 438 1066 deo
468 1017 598 1066 statuam
625 1007 756 1067 aliumve
777 1008 917 1066 honorem
940 1008 971 1066 in
994 1007 1134 1066 Thermia
1158 1025 1360 1066 consecrasse.
1377 1041 1415 1052 -

99 1111 250 1171 Coniuncta
269 1109 448 1188 Aesculapii
471 1107 640 1170 Salvatoris
667 1115 698 1169 et
718 1109 879 1168 Thermiae
901 1109 1019 1169 Dianae
1040 1112 1185 1170 memoria
1205 1111 1285 1186 apud
1306 1109 1417 1169 Aristi·

99 1213 156 1272 dem
182 1211 381 1290 Smyrnaeum
409 1219 547 1289 superest
574 1210 649 1286 (vol
669 1211 700 1284 1,
728 1211 788 1272 503
817 1211 863 1270 ed.
892 1211 1014 1288 Dind.):
1047 1209 1179 1270 ἐνταῦθα
1208 1206 1241 1284 δοῖ
1268 1212 1417 1272 παντελῶς

100 1305 165 1372 οἱονεὶ
189 1306 371 1398 subripiens
399 1336 429 1371 τε
456 1303 505 1372 καὶ
533 1303 655 1392 εἰχᾶμην
682 1305 734 1370 καί
756 1335 801 1382 μον
828 1307 924 1371 πολλοὶ
955 1303 1005 1383 μὲν
1036 1313 1075 1376 εἰς
1107 1309 1193 1374 αὐτον
1221 1308 1268 1374 τᾶν
1295 1313 1417 1397 Euripo:

99 1408 204 1486 ἐποιήθη
231 1409 319 1487 pits,
351 1413 391 1478 uic
416 1405 526 1495 ἔτυχον
553 1405 719 1486 καθήμενος
746 1406 790 1473 ἐπὶ
818 1417 870 1473 τοῦ
897 1406 1035 1494 ζεύγους,
1063 1412 1158 1475 πολλοὶ
1187 1405 1217 1473 δὲ
1244 1407 1283 1478 εἷς
1309 1438 1340 1473 τε
1368 1411 1416 1473 adv

100 1510 208 1588 Αἴσηπον
237 1507 286 1576 nal
314 1507 439 1596 Νύμφας
469 1508 518 1576 καὶ
550 1511 601 1588 τὴν
629 1510 772 1601 Θερμανάν
795 1507 925 1602 ’Ἄρτεμιν
961 1505 978 1590 ἢ
1007 1513 1061 1580 τοὶς
1093 1508 1193 1596 stipae
1220 1513 1274 1580 τοὶς
1301 1511 1415 1601 &specie

100 1611 152 1698 ἔχει
172 1628 232 1678 κτλ.
788 1609 791 1622 ¹

100 1896 234 1959 XXVIII.
277 1896 394 1956 Ibidem
415 1897 487 1958 Pau.
531 1897 621 1974 Apud
643 1895 765 1956 Lesbon
786 1898 816 1956 in
839 1897 967 1974 quadam
987 1874 1055 1956 basi
1075 1897 1179 1958 Valde.

671 2085 706 2144 ‘O
730 2081 821 2151 δεῖνος

166 2181 336 2274 Ἀρχέπολνν
357 2177 543 2275 καρποΙφᾶρον
565 2182 732 2249 sternebas
755 2186 760 2272 Ι
783 2182 1019 2276 γυμνασῖΙαρχον
1040 2191 1070 2254 ἐς
1089 2185 1137 2249 τᾶν
1159 2191 1257 2251 αἰῶνα.

99 2382 128 2440 In
150 2383 209 2440 cod.
229 2381 335 2442 Vallie.
365 2375 445 2451 διαος
470 2389 517 2442 est
541 2389 572 2442 et
600 2375 648 2439 riv
674 2404 760 2458 «γομν.
785 2383 969 2442 Muratorius
993 2403 1032 2442 ex
1045 2347 1255 2443 vallicelliano
1277 2389 1413 2442 extrema

99 2484 206 2544 tradidit
225 2485 422 2562 interpolata:

644 2590 768 2644 ΑΡΧΟΝ
783 2631 790 2645 .
804 2631 811 2644 .
825 2631 854 2646 ..
912 2587 918 2607 '

686 2691 843 2746 ΑΙΩΝΙΟΝ

98 2880 193 2954 quibus
213 2879 334 2939 Boeckh
362 2880 505 2957 deceptus
529 2876 563 2939 G.
584 2877 709 2939 [2192
731 2879 865 2957 scripsit:
892 2871 1112 2963 γυμνασοάρχον
1135 2868 1194 2955 [καὶ
1218 2922 1307 2938 .....
1308 2879 1321 2956 ]
1344 2871 1410 2937 αἶαν’-

96 3004 151 3038 αον.
182 2981 280 3042 Etiam
302 2983 385 3059 quod
405 2983 485 3041 idem
506 2982 599 3040 edidit
619 2974 790 3040 Φιὶοαπῖδαν
811 2981 969 3041 Muratorii
991 3000 1074 3040 error
1094 2989 1149 3041 est.
1188 2980 1324 3042 liabetur
1346 2983 1409 3058 qni-

96 3083 152 3141 dem
175 3078 219 3141 τδν
244 3085 277 3144 in
303 3084 369 3144 cod.
391 3084 489 3155 Vall.‚
516 3083 569 3143 aed
596 3075 776 3168 καρποφόρος
802 3084 979 3144 adiectivum
1008 3085 1113 3142 docere
1139 3083 1281 3157 debebat,
1311 3093 1409 3143 utrum

95 3185 285 3263 corrigendum
308 3195 397 3246 esset.
430 3183 573 3264 Sequitur
592 3187 624 3245 in
646 3187 771 3264 reliquis
792 3204 912 3263 quoqne
933 3186 1124 3245 restituendis
1147 3185 1331 3246 Boeckhium
1352 3187 1410 3244 fal-

96 3305 150 3346 sum
170 3306 247 3347 esse:
275 3289 373 3348 voluIt
398 3289 477 3348 enim
500 3284 513 3345 ὃ
535 3283 622 3356 δῆμος
642 3279 791 3372 ἆρχε[νρὲα
813 3289 880 3364 τῶν]
901 3279 1126 3372 καρποφὸρ[ω]ν.
1148 3320 1186 3331 -
1214 3287 1412 3366 Gymnasiar-

96 3389 167 3449 chiae
186 3409 309 3450 munere
331 3391 463 3452 iunctam
486 3391 575 3450 etiam
597 3391 792 3470 Agrippinam
815 3392 1026 3470 cognovimus,
1055 3408 1132 3468 quae
1152 3381 1332 3475 καρποφόρος
1353 3391 1410 3450 dea

95 3493 184 3552 Aeolia
205 3493 377 3552 vocabatur.
412 3491 521 3569 Neque
542 3492 834 3571 sliteerilippinae
856 3493 986 3553 honores
1006 3493 1200 3571 intellegendi
1222 3503 1299 3553 sunt.
1334 3497 1410 3562 Γομ-

96 3587 239 3678 resbace
260 3603 308 3654 est
329 3594 564 3674 cognomineque
585 3585 765 3678 καρποφόρος
786 3596 888 3654 utitur.
922 3595 988 3654 Hoc
1007 3603 1107 3653 autem
1122 3595 1304 3655 discriminis
1318 3596 1409 3654 inter·

96 3697 173 3770 cedit,
198 3697 278 3774 quod
305 3715 365 3756 non
392 3697 449 3756 dea
474 3697 581 3756 Aeolis
606 3697 804 3773 praedicatur.
847 3697 927 3756 Nam
954 3697 1034 3774 quod
1060 3698 1132 3757 olim
1153 3698 1300 3758 Boeekhii
1328 3716 1408 3758 scru-

95 3798 161 3872 pulis
184 3808 290 3876 eaptns
309 3788 482 3882 Ἀρχέπολιν
510 3799 689 3858 vccabulum
716 3808 888 3877 corruptum
915 3809 999 3858 ratus
1026 3812 1176 3860 extremas
1204 3801 1320 3860 litteras
1350 3783 1409 3858 {Ili

95 3897 126 3958 tle
143 3902 309 3960 accusativo
330 3894 425 3958 Αἰόλον
447 3919 607 3976 superesse
628 3901 773 3977 opinabar
795 3900 846 3976 (de
868 3900 924 3960 bae
945 3901 1043 3960 forma
1064 3922 1091 3960 v.
1114 3902 1229 3961 Eehkel
1250 3901 1305 3974 VI,
1322 3901 1407 3978 214),

96 4019 161 4060 rana
179 4003 232 4062 luit
253 4002 397 4080 suspicio.
442 4000 556 4077 Quidni
576 3995 748 4087 Ἀρχέπτολιν
770 4001 961 4081 Philippinae
986 4023 1083 4064 nouae
1105 4002 1209 4065 Cereri
1230 4021 1408 4080 cognomen·

96 4107 147 4162 tum
170 4103 268 4164 datum
293 4105 389 4164 inisse
418 4104 593 4164 credamus?
645 4105 760 4164 Tamen
788 4125 849 4165 non
876 4107 958 4165 omni
984 4125 1023 4164 ex
1049 4115 1134 4182 parte
1159 4107 1307 4182 integrum
1338 4124 1405 4166 esse

97 4203 198 4265 titulum
220 4225 334 4267 mecum
357 4207 487 4266 sentient
508 4207 570 4266 alii.

97 4489 242 4554 XXVIIII.
284 4497 319 4555 In
342 4495 518 4574 Methymna
539 4494 631 4554 Lesbi
655 4495 735 4554 urbe.

164 4675 441 4765 ἔ]τωγγ[ε]νλοῖμενον
468 4675 517 4744 nai
542 4677 749 4761 οἰςενὲγκαντες
777 4705 870 4746 .....“
897 4687 936 4748 εἷς
963 4681 1013 4756 τὴν
1042 4677 1160 4745 σύνοδον
1189 4688 1243 4745 τῶν
1271 4678 1406 4765 μεγάλων

164 4779 351 4870 tuperatione»,
377 4780 453 4849 duwe
479 4787 518 4850 εἷς
543 4777 639 4846 πάντα
665 4781 713 4846 τᾶν
738 4777 842 4873 χρᾶνον
863 4790 920 4848 τοῖς
941 4780 1021 4850 veloce
1041 4790 1229 4848 συντελῶνται
1251 4789 1281 4849 αἱ
1301 4783 1405 4849 &umiae

164 4885 226 4948 κατ’
247 4879 369 4948 ἕκαστον
391 4885 516 4949 ἒνναντὸν

505 4985 730 5054 Καλλιστόδνκος
750 4986 973 5052 Καλλιστοδῖκον
1003 5045 1006 5053 .

505 5085 635 5173 [Ζ]ωόλος
655 5083 794 5152 θεοδὸτον

505 5191 636 5259 ‘Pudente
658 5239 790 5256 .......
