3530 5932
348 575 692 626 connsuusmonns
710 575 987 626 smcnnefflons
1006 575 1108 626 unns.
1320 557 1390 626 181

80 747 128 807 63.
168 747 329 825 Signeculo
355 749 504 826 impressa
525 749 607 809 dolio
628 749 713 808 fictili
733 749 842 808 litteris
864 728 1060 808 eminentibus
1087 751 1167 808 etin
1188 750 1316 808 formam
1338 750 1394 807 cir-

115 851 165 908 culi
186 851 300 910 dimidii
323 851 493 928 dispositis:

371 1035 452 1125 step
470 1023 553 1099 .kai
781 1043 953 1122 Stephanus
977 1043 1118 1104 Oaieius?
1191 997 1193 1002 v

974 1146 1137 1208 Caiciliusi

149 1283 227 1342 Dedi
253 1284 293 1342 ad
318 1292 458 1362 ectypum
485 1305 503 1344 a
529 1286 566 1344 R.
590 1284 724 1346 Schoene
750 1271 920 1363 acceptum3
948 1287 1092 1358 Fabrstti,
1119 1285 1151 1343 G.
1168 1287 1194 1345 I.
1212 1286 1281 1343 Ital.
1305 1286 1391 1344 2819.

76 1385 170 1444 Trium
192 1387 358 1464 primarum
380 1388 547 1447 litterarum
568 1390 682 1450 incerta
696 1396 811 1447 tantum
828 1389 954 1464 vestigia
976 1407 1123 1465 expressa
1144 1397 1212 1448 sunt
1228 1389 1259 1446 in
1274 1398 1392 1464 ectypo,
1493 1449 1495 1456 ,

75 1489 122 1546 sed
147 1489 306 1548 adiuvante
333 1489 465 1549 eiusdem
488 1491 544 1549 viri
570 1491 651 1551 docti
677 1491 852 1569 apographo
878 1491 952 1548 mihi
974 1492 1067 1549 misso
1090 1492 1232 1568 cognosci
1255 1501 1392 1568 possunt..

73 1590 146 1648 Nota
173 1592 378 1669 praenominis
403 1593 488 1671 figuli
516 1593 593 1669 Step.
621 1595 751 1653 fortasse
778 1592 934 1669 stepen)
963 1593 1132 1670 supplenda
1163 1603 1222 1663 est,
1255 1591 1392 1652 videlicet

75 1692 149 1752 Osca
172 1693 271 1752 forma
293 1692 402 1754 Graeci
428 1696 558 1754 nominis
586 1686 785 1771 Στέφανος,
811 1715 878 1754 cnm
900 1695 1057 1771 stephanio
1084 1697 1201 1772 legetur
1229 1697 1260 1754 in
1281 1695 1393 1753 Latino

76 1795 153 1854 titulo
173 1795 360 1873 Pompeiano
383 1795 561 1872 (attat
581 1798 639 1870 IV,
662 1797 759 1874 1114).
803 1797 886 1856 Nota
912 1798 1041 1856 nominis
1061 1797 1132 1856 Koi.
1155 1817 1259 1876 parum
1287 1798 1392 1874 liquet,

74 1897 214 1972 quomodo
236 1897 403 1976 supplenda
425 1900 473 1970 sit,
496 1919 563 1958 cum
578 1908 608 1958 et
626 1898 745 1958 Caeciae
760 1909 789 1957 et
805 1900 945 1960 Caecilius
966 1900 1107 1977 frequens
1130 1901 1171 1960 sit
1192 1920 1301 1960 nomen
1322 1919 1392 1978 gen-

74 2000 119 2058 tile
141 2000 391 2079 Pompeianorum
414 2001 449 2078 (l.
464 2021 487 2060 c.
503 2002 562 2075 IV,
580 2022 612 2079 p.
632 2001 704 2075 229,
727 2021 751 2060 c.
767 2001 810 2078 3).

87 2187 142 2194 Q

490 2534 678 2596 NVOERIA
700 2534 970 2596 ALFATERNA.

76 2721 124 2781 81.
166 2722 319 2783 Nummus
342 2740 451 2782 aeneus
473 2722 569 2782 musei
580 2722 745 2782 Britannici
767 2741 833 2782 cum
856 2725 952 2801 capite
973 2723 1098 2782 iuvenili
1120 2729 1149 2782 et
1171 2721 1307 2783 Castoris
1329 2726 1393 2784 effi·

108 2827 152 2900 gie
173 2827 267 2885 habet
287 2826 525 2902 inscriptionem:

373 2961 608 3036 nuvkirinum
864 2979 1083 3040 Nucerinorum

373 3083 642 3183 alaf[ate]rnum
864 3103 1100 3162 Alfaternorum.

151 3261 244 3321 Catct.
269 3264 304 3338 os
321 3261 366 3320 tte
388 3260 480 3320 Greek
500 3265 578 3320 coins
600 3265 630 3318 io
652 3259 695 3318 the
716 3259 828 3318 Britisb
842 3257 922 3317 Mus.
937 3259 1025 3334 Italy.
1059 3258 1155 3318 Lond.
1173 3260 1260 3330 1873,
1279 3280 1311 3336 p.
1327 3260 1394 3332 121,

75 3381 98 3418 c.
112 3363 134 3421 1.
176 3363 236 3422 Hic
259 3381 397 3422 nummus
426 3363 515 3441 primi
544 3362 749 3421 tantummodo
778 3361 906 3420 nominis
929 3362 1091 3438 scriptione
1113 3361 1213 3420 differt
1234 3381 1252 3420 a
1273 3382 1393 3422 nummo

76 3484 157 3523 aeneo
179 3485 271 3542 quem
287 3465 312 3524 1.
327 3465 542 3524 Friedlsender
563 3464 729 3540 publicavit
749 3481 817 3521 cum
839 3463 1033 3541 inscriptione
1047 3463 1230 3522 Nookrinum
1244 3464 1394 3540 Alcsoter-

75 3585 131 3624 nsrn
159 3568 238 3642 (Die
263 3567 419 3626 Oekiscten
440 3567 576 3637 Meinzen,
600 3577 618 3624 t.
635 3565 693 3636 IV,
715 3565 793 3625 Nec.
810 3567 841 3636 1,
860 3585 891 3640 p.
915 3565 994 3641 217).
1039 3563 1173 3624 Genitivi
1199 3566 1276 3643 plur.
1299 3566 1396 3626 forma

76 3668 300 3728 ,took-irinum·
312 3669 473 3728 secundum
493 3670 575 3746 leges
597 3669 717 3747 linguae
731 3667 813 3727 Osca
834 3671 1012 3743 interposita
1028 3651 1124 3726 voceii
1146 3673 1158 3726 i
1178 3673 1256 3727 inter
1276 3688 1396 3745 preecc-

75 3769 166 3831 dentes
188 3782 392 3831 consonantes
414 3781 481 3831 orta
501 3765 584 3830 est'e
606 3769 785 3828 Nucerinum
808 3782 840 3828 ut
860 3768 1012 3828 Lon-ideis
1034 3791 1049 3826 e
1072 3770 1183 3829 Laetis
1206 3771 1253 3844 (C.
1269 3771 1394 3847 Ausapr.

74 3873 112 3944 II,
125 3873 194 3934 387.
213 3875 280 3934 388
293 3893 347 3951 sp„
369 3876 413 3933 ed.
430 3873 474 3949 2).
517 3871 577 3932 Sed
598 3892 691 3949 nuper
713 3876 742 3929 in
764 3873 860 3930 lucem
881 3871 1057 3949 prodierunt
1078 3877 1190 3932 nummi
1211 3871 1357 3932 Nucerini
1379 3895 1395 3931 e

75 3981 183 4035 scriniis
210 3977 310 4035 musei
335 3975 502 4034 Britannici
529 3995 595 4034 oum
621 3974 879 4051 inscriptionibus:
910 3973 1074 4032 Nuoirkum
1093 3955 1254 4050 ¹Alacffnum
1281 3975 1394 4050 (Cetei.

74 4077 144 4136 Brit.
164 4079 244 4138 Mus.
269 4080 288 4138 l.
306 4099 328 4138 c.
349 4098 380 4155 p.
397 4077 467 4151 121,
489 4097 517 4136 st.
533 4075 570 4151 2)
598 4089 626 4134 et
646 4075 807 4135 Nuoirfcum
830 4075 1030 4152 Alcestinffim]
1056 4077 1093 4152 (l.
1113 4097 1136 4136 c.
1156 4097 1188 4153 p.
1204 4077 1274 4150 121,
1296 4097 1325 4135 n.
1345 4078 1394 4153 4),

75 4198 141 4253 quas
162 4180 259 4240 foedis
281 4183 512 4238 monetariorum
534 4179 684 4237 erroribus
699 4178 808 4250 deberi,
831 4189 860 4234 et
876 4181 931 4235 viri
953 4183 995 4237 rei
1016 4184 1198 4237 nummariae
1220 4183 1395 4256 peritissimi

74 4287 152 4342 certis
173 4284 277 4342 verbis
299 4283 459 4353 affirmant,
481 4299 576 4358 neque
598 4284 757 4358 quisquam
779 4280 899 4358 linguae
922 4279 1019 4339 Oscae
1042 4299 1154 4358 gnarus
1177 4281 1331 4340 dubitabit.

76 4598 123 4658 65.
164 4601 317 4661 Nummus
340 4619 449 4662 aeneus
469 4604 565 4660 musei
587 4598 763 4670 Britannici,
798 4639 801 4644 -

111 4757 137 4797 o.
169 4744 258 4798 iuxta
279 4749 370 4816 caput
389 4739 532 4798 iuvenile:

220 4885 433 4960 nuv[kriuum
460 4885 696 4962 alafet]ernum
785 4891 1004 4952 Nucerinorum
1027 4891 1260 4949 Alfaternorum.

113 4979 135 5035 t.
169 4983 227 5040 sub
250 4979 430 5040 Castoribus
452 4979 653 5056 equitantibus
674 4982 706 5034 in
727 4989 893 5052 segmento:

592 5111 795 5213 dngvinum
823 5137 865 5185 ra

701 5291 709 5310 .
726 5289 734 5306 .
749 5259 872 5307 anum.
