3532 5938
363 455 437 526 278
922 466 1124 520 wmmaaus

444 647 553 725 Agitur
573 647 605 705 in
628 653 819 704 monumento
848 643 885 702 de
910 641 1053 702 nundinis
1075 640 1267 700 instituendis
1290 641 1496 718 habendisque
1524 643 1556 700 ia
1577 645 1681 718 procis·
1745 651 1746 694 t

362 757 407 810 cia
428 749 533 826 Africo
554 752 668 825 regione
690 747 835 823 Bepucnai
857 747 997 804 territorio
1018 743 1259 802 Musulamiorum
1286 745 1327 801 ad
1350 743 1440 803 Casas
1468 744 1518 803 vel
1545 753 1579 802 nt
1603 763 1682 822 snpra

363 854 461 912 minus
484 863 623 912 accurate
643 850 825 925 breviusque
846 847 957 906 dicitur
980 847 1014 904 dc
1034 846 1170 904 nundinis
1192 844 1285 904 saltrm
1306 845 1466 922 Beguensis
1493 850 1527 904 ia
1554 853 1681 907 tertiario

365 957 492 1017 Cossaei.
536 951 709 1012 Musulamii
741 951 860 1028 saepius
893 957 1171 1009 commemorantur.
1221 945 1334 1006 Narrat
1368 949 1447 1006 enirn
1475 947 1627 1026 Florus¹)
1654 952 1684 1008 dc

363 1063 518 1136 Augusto:
552 1056 605 1114 sub
630 1055 788 1112 meridiano
817 1052 1015 1111 tumulatorum
1040 1053 1131 1127 mepta
1159 1069 1245 1127 quam
1267 1049 1400 1109 bellatum
1421 1061 1470 1110 cst.
1516 1051 1682 1112 Musulamos

363 1172 448 1238 atque
477 1158 614 1220 Gaetulos
640 1156 753 1216 accolas
780 1154 908 1230 Syrtium
941 1151 1030 1214 Cosso
1058 1153 1129 1212 duce
1158 1155 1342 1228 compescuit,
1371 1171 1461 1229 quam
1491 1153 1645 1214 victoriam
1669 1174 1684 1212 a

363 1262 480 1322 Velleio
501 1242 603 1320 Dione
626 1257 735 1318 Orosio
756 1275 875 1335 quoque
897 1261 1159 1315 commemoratam
1174 1252 1290 1314 Cossus
1314 1254 1375 1313 ab
1398 1255 1574 1331 reportarit.
1612 1255 1684 1330 Quae

363 1365 411 1424 hic
437 1366 474 1424 de
496 1363 616 1424 sedibus
645 1360 895 1420 Musulamiorum
922 1358 1093 1418 referuntur
1119 1375 1179 1416 non
1207 1356 1248 1415 itu
1276 1357 1479 1436 intellegenda
1507 1367 1580 1416 sunt
1609 1360 1684 1434 qnasi
1746 1425 1747 1430 η

350 1485 438 1545 gens
471 1467 524 1525 illa
556 1465 588 1523 in
620 1481 674 1522 ora
705 1461 855 1521 maritima
886 1460 1068 1519 habitaverit
1098 1459 1147 1518 vel
1178 1459 1209 1516 in
1239 1449 1378 1536 partibus
1406 1459 1531 1518 Africae
1559 1458 1684 1537 Syrtibus
1746 1449 1747 1472 ³

363 1569 524 1648 proximis:
552 1566 655 1625 rhetor
676 1565 830 1624 Romanus
857 1565 893 1622 de
920 1562 1104 1641 geographia
1129 1561 1251 1619 Africae
1278 1561 1356 1620 idem
1381 1560 1444 1620 iere
1472 1563 1597 1622 novisse
1617 1563 1684 1622 vide⁴

365 1681 413 1730 tur
441 1669 522 1747 quod
549 1677 669 1728 nostrae
696 1667 804 1725 aetatis
830 1665 888 1724 viri
918 1664 997 1724 docti
1026 1663 1161 1741 plerique
1188 1663 1301 1736 sciunt,
1335 1663 1450 1723 scilicet
1480 1683 1550 1724 cam
1578 1666 1685 1725 meridie

364 1775 457 1833 maris
487 1771 637 1849 Tyrrheni
669 1771 758 1828 sitam
787 1785 855 1828 csse
883 1767 1027 1844 sinusque
1053 1766 1164 1825 habere
1192 1762 1296 1842 Syrtes
1325 1765 1512 1843 appellatos,
1546 1775 1685 1844 praeterea

365 1876 407 1935 ibi
436 1874 560 1952 reperiri
587 1873 690 1932 leones
719 1871 837 1930 deserta
864 1869 999 1929 homines
1027 1869 1144 1946 nigros,
1172 1868 1203 1926 in
1230 1870 1371 1947 Aegypto
1401 1868 1492 1927 etiam
1523 1870 1686 1948 hippopota-

365 1995 441 2037 mos.
491 1974 636 2037 Gaetulos
663 1974 740 2033 enim
769 1991 922 2049 nunquam
949 1968 1083 2048 Syrtium
1111 1970 1230 2030 accolas
1262 1970 1358 2030 fuisse
1384 1979 1490 2030 notum
1518 1981 1581 2045 cst,
1608 1972 1686 2032 idem-

365 2099 424 2156 que
456 2079 493 2138 de
520 2076 709 2136 Musulamiis
736 2081 855 2135 constat
880 2093 919 2133 ex
947 2075 985 2134 iis
1013 2054 1089 2151 quae
1118 2073 1312 2133 Ptolemaeus
1342 2074 1535 2152 geographus
1566 2073 1686 2133 Tacitus

368 2201 428 2258 que
458 2180 496 2238 de
528 2178 650 2238 sedibus
682 2197 784 2238 eorum
817 2175 1012 2236 tradiderunt.
1062 2174 1297 2252 Ptolemaeus²)
1324 2185 1442 2254 gentem
1472 2195 1566 2252 quam
1593 2182 1686 2234 birros·
1747 2223 1748 2234 ,

366 2273 452 2343 adua
478 2281 693 2368 appellatxsub
715 2278 803 2339 Audo
828 2289 930 2339 monte
955 2279 1138 2338 habitavisse
1164 2279 1268 2337 scribit
1289 2298 1307 2337 a
1329 2276 1518 2338 Cirtensibus
1549 2280 1686 2338 meridiem
1747 2287 1748 2350 ᾗ

366 2402 472 2444 versus
497 2383 529 2442 in
556 2381 733 2442 occidentali
759 2390 844 2458 parte
865 2379 1042 2453 Numidiae,
1075 2380 1199 2440 Tacitus
1209 2380 1239 2459 ³)
1261 2399 1327 2440 earn
1348 2381 1565 2442 solitudinibus
1579 2382 1685 2440 Africae
1747 2365 1748 2400 ³

367 2488 566 2565 propinquam
588 2485 763 2560 Maurisque
790 2483 922 2542 accolam
944 2483 1029 2541 dicit:
1063 2483 1169 2560 quibus
1191 2471 1372 2542 testimoniis
1399 2484 1481 2544 ducti
1504 2485 1685 2562 iampridem

366 2599 447 2649 recte
473 2589 530 2647 viri
558 2587 638 2646 docti
661 2585 858 2645 Musulamios
884 2585 962 2644 inter
990 2594 1105 2644 montes
1127 2586 1217 2644 hodie
1239 2585 1346 2660 Djebel
1367 2589 1467 2646 Aurea
1491 2588 1589 2646 dictos
1609 2589 1685 2646 fines·

369 2712 427 2770 qne
449 2689 655 2750 Msuretaniae
681 2689 864 2748 territorium
894 2687 1035 2747 habuisse
1061 2695 1236 2747 statuerunt.
1278 2688 1345 2748 Iam
1369 2708 1440 2748 vero
1467 2691 1596 2769 emergit
1619 2689 1688 2748 alind
1747 2673 1748 2682 ἵ

369 2813 472 2854 eorum
506 2790 689 2852 territorium
720 2791 752 2850 in
782 2790 880 2850 media
905 2790 969 2850 fere
996 2790 1151 2866 provincia
1178 2790 1400 2868 proconsulari,
1432 2791 1526 2869 longe
1558 2801 1687 2851 remotum

369 2897 407 2956 ab
428 2897 518 2956 Audo
541 2905 641 2956 monte
662 2895 851 2971 Maurisque:
885 2913 955 2953 num
976 2893 1045 2952 inde
1067 2893 1124 2950 huc
1151 2911 1245 2969 usquo
1271 2894 1346 2952 fines
1368 2894 1466 2970 gentis
1495 2893 1686 2972 pertinebant?

369 2999 465 3058 Immo
494 2999 554 3058 alia
579 2999 696 3057 ratione
724 3014 773 3056 res
803 2995 983 3072 explicanda
1009 3003 1062 3054 est
1106 2994 1211 3054 Refert
1237 2995 1315 3055 enim
1341 2994 1510 3074 Tacitus⁴)
1539 2997 1687 3073 imperante

370 3101 492 3160 Tiberio
524 3100 746 3159 Tacfarinatem
783 3098 945 3158 Numidam
980 3097 1113 3156 adiutum
1151 3097 1281 3156 maxime
1314 3098 1567 3159 Musulamiorum
1602 3099 1687 3158 valida

369 3212 457 3280 geute
490 3202 600 3261 bellum
633 3201 778 3261 Romanis
814 3201 965 3274 intulisse,
998 3218 1065 3259 cum
1093 3198 1203 3258 Furius
1232 3197 1378 3260 Camillus
1411 3203 1593 3276 proconsule
1619 3201 1687 3259 Airi-

370 3324 435 3364 cam
468 3305 615 3364 obtineret
642 3304 689 3380 (a.
714 3303 786 3380 17),
820 3303 858 3362 ab
890 3321 984 3379 eoque
1014 3301 1115 3361 iusum
1147 3303 1349 3379 fugatumque.
1400 3301 1468 3377 Quo
1502 3305 1616 3382 proelio
1640 3304 1686 3362 etsi
1748 3289 1749 3352 l

369 3407 479 3467 bellum
506 3407 636 3466 fortasse
664 3406 831 3484 paullulum
858 3404 1078 3476 intermissum,
1111 3405 1275 3464 extinctum
1303 3413 1403 3463 tamen
1427 3424 1489 3465 non
1519 3416 1580 3479 est,
1606 3407 1686 3466 varic

370 3529 430 3586 que
457 3529 513 3586 per
540 3509 709 3588 complures
737 3526 832 3568 annos
859 3508 956 3572 Marta
984 3515 1100 3584 gestum
1111 3507 1153 3582 5);
1186 3525 1264 3565 anno
1295 3507 1413 3566 demum
1441 3505 1482 3565 tt
1513 3527 1599 3568 caeso
1624 3509 1685 3566 duce

370 3613 542 3690 provinciae
568 3630 630 3688 pax
656 3610 772 3670 reddita
797 3609 888 3686 esti)
930 3611 1012 3668 Inter
1036 3626 1086 3668 res
1112 3628 1191 3668 anno
1214 3607 1251 3670 21
1280 3619 1380 3688 gestas
1407 3609 1483 3668 haec
1512 3612 1591 3688 apud
1613 3609 1687 3669 Taci-

370 3713 473 3790 tuml)
500 3714 653 3790 leguntur:
678 3731 766 3790 aequa
786 3713 873 3771 multo
891 3723 960 3788 post
982 3711 1101 3784 Cacsar,
1128 3731 1189 3770 cum
1209 3712 1325 3772 Iunium
1346 3712 1486 3771 Blaesum
1505 3713 1685 3789 proconsulem

372 3818 493 3894 Africae
515 3815 652 3892 triumphi
670 3815 829 3891 iaaipnibus
851 3815 1001 3886 attollerat,
1023 3816 1093 3874 dore
1113 3815 1145 3872 id
1165 3833 1195 3872 ss
1216 3815 1289 3872 dicit
1307 3815 1408 3872 honori
1422 3813 1537 3885 Seiani,
1559 3820 1633 3876 cuius
1646 3813 1685 3870 ills

372 3919 528 3980 auunculus
551 3927 621 3977 mat.
664 3916 709 3976 Aa
730 3926 823 3976 tamen
843 3935 889 3976 ras
910 3917 1016 3976 Blaesi
1037 3919 1141 3992 dipsas
1162 3918 1259 3975 arcora
1280 3918 1334 3975 toli
1346 3919 1440 3991 sucre.
1497 3917 1577 3976 Nam
1600 3917 1683 3989 Tassa-

372 4025 454 4080 riuos
480 4039 654 4098 quamquam
680 4023 796 4096 saeptus
825 4020 971 4096 depulsus·
987 4021 1132 4096 reparatio
1154 4037 1210 4096 par
1230 4023 1330 4077 intima
1351 4017 1471 4096 Africae
1502 4021 1617 4080 curtiliis
1642 4019 1686 4076 iao

373 4125 561 4201 adrogantiae
587 4133 710 4196 semmai,
732 4133 764 4181 ut
785 4123 891 4199 lcpotos
912 4123 953 4181 od
977 4122 1116 4182 liberium
1136 4125 1257 4180 mitteret
1276 4123 1423 4198 sedensque
1443 4121 1523 4180 ultro
1544 4123 1598 4182 sibi
1614 4131 1686 4196 atque

374 4347 578 4359 ——n-—n

450 4507 474 4569 ¹)
499 4506 535 4568 11,
557 4506 600 4556 ³1.

449 4597 474 4662 ¹)
501 4600 551 4661 tv,
566 4599 591 4660 3,
607 4599 642 4648 nt
662 4598 724 4648 dicit
743 4598 774 4648 ab
794 4597 928 4648 occidente
947 4598 1074 4662 incipiens
1094 4597 1292 4662 descriptionem
1310 4586 1388 4647 aihu
1401 4593 1428 4647 ii
1440 4597 1488 4649 rtis
1501 4596 1545 4666 pio
1557 4590 1683 4666 Κιρτησίνν

374 4691 414 4742 ael
427 4689 470 4755 τῆς
480 4685 620 4757 Nouptit'ac
633 4677 859 4758 μεσημβρινότεροι
871 4679 918 4739 inl
930 4679 960 4740 'eo'
974 4677 1055 4739 Altior
1069 4676 1127 4758 iper
1140 4678 1307 4758 Mtooultu'pot
1319 4690 1375 4740 κτλ.

451 4783 476 4848 ¹)
504 4786 575 4834 Anu.
595 4783 632 4845 11,
654 4783 698 4834 52.

452 4875 477 4939 ⁴)
510 4877 580 4952 Annn.
600 4876 618 4924 l.
637 4874 655 4923 l.

453 4967 477 5028 ⁵)
504 4971 575 5018 Ann.
595 4968 647 5029 ΠΙ,
669 4969 702 5018 21
724 4974 749 5018 et
770 4970 804 5018 it
824 4985 862 5033 sq.

454 5057 478 5120 ⁶)
506 5062 576 5108 Ann.
595 5061 643 5120 1v,
666 5061 700 5110 23
720 5077 773 5125 sq.¹

454 5147 479 5214 ⁷)
507 5153 577 5202 Anu.
596 5151 647 5214 111,
669 5151 702 5202 ta
723 5168 760 5218 sq.
