3530 5932
373 687 474 776 dotum
490 666 628 745 dexbum
650 686 731 745 latus
754 694 879 763 occupet
900 684 1056 743 columnae
1078 700 1225 741 annorum
1245 682 1356 741 saeculi
1371 682 1458 753 sexti,
1481 683 1622 741 fastorum
1641 701 1683 759 per
1752 709 1753 716 ¹

1752 665 1753 708 t

1752 729 1753 760 l

371 789 502 865 parietes
525 787 608 847 aedis
630 787 713 846 Iovis
734 788 849 846 latiaris
871 787 1057 858 distributio,
1085 785 1112 842 si
1135 784 1255 860 quando
1278 803 1314 843 ea
1335 785 1422 844 nobis
1444 785 1621 858 innotescet,
1645 785 1683 844 de·
1752 771 1753 846 l

372 891 506 950 claraus.

456 992 535 1053 Nam
558 993 809 1069 quemadmodum
831 992 1011 1071 capitolinos
1034 992 1078 1051 sie
1105 997 1135 1049 et
1156 990 1257 1049 albani
1278 991 1388 1050 montis
1410 990 1507 1049 fastos
1529 993 1685 1050 marmoreis

373 1115 432 1156 non
455 1097 566 1156 tabulis
590 1096 643 1155 sed
665 1096 831 1173 lapidibus,
858 1096 967 1173 quibus
996 1102 1168 1155 constructa
1189 1094 1278 1153 aedes
1299 1102 1378 1167 erat,
1405 1101 1524 1152 veteres
1545 1095 1685 1170 inscripse·

373 1205 449 1258 runt.
492 1198 650 1275 Reliquiae
672 1218 767 1275 nuper
787 1207 925 1276 repertae
946 1197 1034 1258 valde
1056 1199 1184 1274 exiguae
1206 1206 1291 1268 suut,
1314 1213 1475 1272 emagnae
1497 1203 1594 1255 tamem
1615 1197 1685 1256 molis
1752 1191 1753 1270 l

374 1301 458 1360 saxis
480 1300 643 1360 diffractae.
687 1300 746 1361 Illa
769 1320 838 1360 vero
866 1301 1012 1360 fastorum
1038 1319 1124 1378 pars,
1152 1317 1230 1376 quae
1256 1299 1411 1376 superiore
1431 1299 1554 1358 saeculo
1574 1299 1603 1357 in
1616 1297 1685 1358 Vati·

373 1423 482 1463 canum
503 1404 599 1476 venit,
622 1405 718 1463 incisa
739 1412 803 1462 erat
825 1404 979 1481 quadratis
1000 1403 1164 1480 lapidibus,
1187 1420 1314 1477 quorum
1337 1409 1508 1460 accuratam
1530 1401 1684 1461 delineatio·
1752 1399 1753 1492 l

374 1525 443 1565 nem
471 1525 562 1565 mauu
588 1506 709 1566 Marinii
737 1508 799 1566 vidi
832 1507 862 1565 in
889 1507 990 1566 codice
1017 1507 1155 1566 vaticano
1183 1504 1263 1564 9127
1290 1524 1319 1581 p.
1341 1503 1390 1562 30.
1433 1504 1569 1562 Alterius
1594 1504 1684 1581 lapidis
1752 1501 1753 1572 J

374 1609 450 1668 dnae
472 1609 564 1668 facies
587 1611 632 1669 sic
653 1620 740 1670 eraut
759 1609 937 1688 inscriptae:

379 2939 514 2998 Alterius
546 2956 607 2996 una
637 2943 752 2996 tantum
783 2936 877 2995 facies
911 2955 1005 2996 annos
1038 2937 1198 2997 exhibebat
1228 2941 1335 2998 aetatis
1363 2939 1493 3000 incertae
1501 2963 1510 3013 3
1543 2943 1573 3001 in
1599 2959 1692 3001 aversa

374 3042 456 3106 ,facie
478 3058 590 3099 corona
611 3037 751 3116 (cornice)
774 3046 838 3097 erat
859 3040 1018 3115 insculpta.
1052 3039 1088 3098 Id
1103 3041 1231 3100 fortasse
1247 3042 1356 3101 indicio
1371 3052 1417 3102 est
1429 3043 1529 3103 fastos
1548 3065 1600 3122 per
1613 3054 1692 3104 totam

379 3143 482 3220 templi
507 3142 604 3202 basim
632 3137 758 3218 eiusque
784 3153 992 3218 procurrentes
1018 3153 1103 3201 antas
1130 3143 1224 3202 fuisse
1252 3145 1429 3222 dispositos;
1457 3147 1692 3222 quemadmodum

379 3257 409 3305 et
429 3245 466 3304 de
488 3244 658 3321 capitolinis
681 3243 792 3321 templo
808 3241 969 3304 Castorum
992 3246 1184 3304 restituendis
1197 3246 1378 3323 Rodulphus
1393 3247 1540 3308 Laneiani
1561 3251 1694 3309 coniectu·

378 3367 442 3408 ram
464 3366 559 3425 nuper
577 3348 735 3424 proposuit
756 3363 829 3405 sane
851 3347 1038 3424 probabilem
1062 3347 1157 3423 (Ball.
1174 3348 1240 3406 dell'
1257 3349 1309 3407 Iat.
1329 3348 1404 3408 1871
1424 3369 1453 3424 p.
1470 3348 1555 3427 266).
1589 3349 1645 3412 Sed
1664 3351 1693 3410 de

379 3451 461 3509 Iovis
493 3449 610 3508 latiaris
642 3449 715 3506 aede
743 3449 866 3525 eiusque
900 3449 997 3507 forma
1023 3450 1076 3507 vix
1110 3450 1268 3527 quicquam
1302 3451 1413 3510 scimus
1447 3451 1535 3528 (vide
1561 3454 1694 3529 Pirauesi,

380 3552 529 3612 Anaetica
548 3553 579 3610 di
594 3551 709 3611 Albano
731 3551 792 3610 tab.
808 3551 864 3627 II).
898 3551 933 3608 ln
956 3552 1165 3611 barberiniano
1186 3552 1289 3612 codice
1304 3553 1424 3624 XXIX,
1441 3553 1500 3612 215
1524 3555 1695 3634 diagramma

310 3670 311 3674 ’
380 3654 441 3713 vidi
463 3664 595 3713 veterum
617 3654 785 3723 ruinarum,
815 3671 892 3728 quae
921 3655 951 3713 in
974 3672 1090 3713 summo
1113 3655 1343 3714 montealbano
1365 3656 1483 3715 saeculo
1505 3657 1695 3735 XVIlsupm
1752 3663 1753 3674 ¹

380 3764 489 3816 terram
512 3756 690 3815 eminebant.
724 3755 833 3815 Totius
856 3757 970 3834 templi,
992 3756 1022 3815 id
1038 3765 1085 3817 est
1106 3775 1192 3816 areae
1208 3765 1406 3831 conmoratus,
1430 3768 1568 3836 saeptum
1589 3773 1617 3820 et
1636 3760 1695 3818 sub·

380 3860 572 3919 structionem
595 3858 693 3934 lapide
708 3858 855 3935 quadrato
872 3859 1057 3936 diagramma
1078 3860 1213 3938 exhibet;
1236 3861 1314 3918 intra
1332 3880 1431 3920 aream
1447 3863 1541 3921 cellae
1556 3863 1695 3923 absidatae

265 3956 276 3977 ⁰
380 3961 517 4038 vestigia.
551 3957 609 4022 Sed
632 3961 772 4037 quoniam
795 3962 895 4038 plures
917 3981 953 4020 eo
968 3962 1035 4020 loeo
1058 3961 1151 4020 cellae
1174 3971 1204 4020 et
1223 3962 1360 4024 latericia
1381 3965 1517 4024 aedificia
1538 3966 1695 4032 extiterunt,

381 4065 417 4124 de
437 4065 506 4140 ipsa
527 4063 599 4122 aede
620 4062 703 4120 Iovis
725 4063 839 4123 latiaris
861 4064 936 4122 nihil
957 4064 1026 4122 inde
1048 4063 1200 4124 discimus.

463 4164 552 4224 Nunc
574 4184 634 4242 quo
655 4166 782 4241 primum
806 4173 939 4243 tempore
961 4167 1122 4225 latinarum
1143 4167 1215 4226 fasti
1237 4168 1284 4225 his
1299 4168 1449 4244 lapidibus
1473 4170 1534 4228 sint
1551 4170 1645 4240 incisi,
1664 4165 1696 4224 ad

379 4287 468 4345 quem
490 4287 602 4328 anuum
624 4268 798 4340 continuati,
825 4276 919 4327 restat
939 4269 1150 4344 quaerendum.
1188 4269 1321 4340 Interna,
1343 4289 1421 4346 quae
1443 4273 1581 4343 dicimus,
1601 4269 1696 4330 indicia

381 4371 507 4431 suadere
533 4372 606 4430 mibi
629 4371 766 4430 videntur
786 4371 985 4449 fragmentum
1014 4391 1159 4430 annorum
1183 4370 1347 4430 tat-732
1370 4391 1406 4430 eo
1428 4375 1510 4449 ipso,
1539 4375 1622 4434 cuius
1646 4389 1696 4430 me-

381 4474 506 4533 moriam
527 4475 636 4546 refert,
666 4481 799 4551 tempore
822 4491 889 4532 esse
912 4485 1076 4533 exaratum.
1121 4473 1199 4533 Nam
1222 4483 1339 4552 praeter
1361 4476 1482 4533 nomina
1503 4477 1654 4536 consulum
1673 4479 1697 4528 et

381 4576 540 4636 latinarum
569 4577 646 4634 diem
673 4576 800 4654 singulis
829 4575 869 4634 ibi
896 4577 982 4635 anuis
1008 4576 1181 4648 adnotatur,
1209 4587 1306 4636 utrum
1335 4576 1405 4652 imp.
1430 4575 1543 4636 Caesar
1567 4591 1696 4655 praesens

381 4699 475 4738 necne
496 4679 528 4738 in
550 4687 651 4738 monte
673 4678 763 4737 luerit
785 4687 895 4754 etqua
917 4678 953 4737 de
975 4697 1069 4738 eausa
1089 4678 1230 4738 abfuerit:
1252 4678 1327 4754 Imp.
1347 4676 1457 4738 Caesar
1477 4682 1637 4739 ualetudine
1655 4681 1697 4732 ba·

378 4783 493 4858 peditus
508 4784 571 4859 fuit
583 4815 625 4826 —
639 4785 669 4839 ia
684 4781 834 4858 Hispania
849 4783 912 4857 ,ibit
924 4813 964 4824 -
980 4785 1010 4838 ia
1028 4791 1120 4840 monte
1134 4783 1197 4856 suit
1217 4778 1383 4856 (Cardinali
1405 4781 1436 4840 in
1451 4783 1515 4842 Atat
1535 4782 1612 4840 dello
1629 4785 1695 4855 pout.

382 4885 479 4943 uceud.
499 4885 531 4941 di
551 4884 631 4943 urob.
656 4883 699 4956 11,
723 4882 809 4959 271).
846 4883 934 4957 Quod
956 4884 981 4942 si
1004 4883 1087 4941 dicas
1109 4883 1140 4941 id
1161 4883 1268 4944 borum
1290 4883 1434 4942 fastorum
1454 4883 1522 4962 lege
1543 4884 1607 4942 lieri
1628 4876 1696 4939 omui

382 4993 517 5062 tempore
539 4987 687 5058 debuisse,
715 4986 838 5045 alterius
861 4986 909 5044 vel
930 4986 1088 5062 utriusque
1109 4986 1241 5045 consulis
1263 4986 1429 5044 absentiam
1451 4987 1483 5044 in
1506 4983 1697 5062 superioribus

382 5106 500 5164 quoque
515 5088 627 5148 tabulis
643 5107 711 5149 esse
727 5089 898 5148 adnotatam
914 5088 1005 5148 facile
1019 5087 1180 5147 concedam
1197 5088 1331 5164 (tametsi
1345 5088 1419 5148 nibil
1433 5107 1469 5148 ea
1481 5089 1518 5148 de
1529 5109 1561 5147 ro
1576 5082 1696 5157 scimus),
1744 5166 1748 5177 .

381 5191 581 5272 praesentiam
605 5191 783 5272 superstites
806 5191 960 5250 columnae
983 5198 1102 5268 negant.
1146 5189 1193 5249 Ea
1214 5191 1305 5270 igitur
1327 5190 1490 5270 singularis
1518 5207 1637 5268 prorsus
1660 5186 1696 5243 in·
