3530 5932
523 525 597 576 anx
615 525 697 576 con.
717 523 945 576 csnnmvnn.
1327 509 1396 578 125

96 627 280 634 m
285 627 492 635 --.—-—--—..
503 630 518 635 .-
582 629 605 635 ..-
611 629 644 634 .-

150 696 263 758 CXXX
307 698 336 772 1,
353 698 482 760 39-51
580 697 709 760 Senator
729 698 833 776 populi
854 698 984 759 Romani
1006 702 1125 776 quando
1146 709 1292 779 patronus
1307 705 1399 780 adop-

250 815 253 820 ·
632 803 689 861 tari
711 803 809 878 possit
1151 825 1180 881 p.
1199 805 1266 864 145.
1286 805 1342 864 146
1353 823 1397 883 sq.

134 901 263 962 CXXXI
308 905 338 977 7,
353 904 478 976 52-8‚
497 906 534 964 13
584 903 711 966 Senator
732 904 834 982 populi
848 905 976 964 Romani
998 905 1117 982 quando
1135 907 1246 984 hospes
1262 909 1399 986 adoptari

633 1008 731 1084 possit
874 1075 877 1080 .
1151 1029 1180 1086 p.
1199 1011 1266 1069 145.
1286 1012 1343 1069 146
1353 1029 1398 1088 sq.

123 1107 260 1170 CXXXII
304 1109 334 1182 8,
352 1109 481 1170 14-33
581 1109 699 1168 Petitor
723 1111 898 1187 largitiones
920 1129 957 1168 ne
978 1110 1069 1170 faciat
1090 1131 1164 1170 neve
1186 1114 1324 1172 convivia
1344 1134 1399 1191 pu·

631 1212 710 1271 hilca
730 1212 781 1269 det
1235 1235 1264 1292 p.
1284 1215 1396 1293 139sq.

106 1312 263 1374 CXXXIII
306 1314 336 1386 8,
351 1315 480 1375 34-38
579 1313 721 1374 Mulieres
743 1314 916 1374 colonorum
939 1317 1073 1376 coloniae
1092 1317 1208 1395 legibus
1226 1325 1258 1376 ut
1272 1328 1398 1396 pareant

1290 1439 1319 1496 p.
1338 1420 1396 1478 126

107 1517 260 1580 CXXXIV
305 1521 335 1592 8,
351 1521 481 1580 39-47
495 1563 502 1580 .
516 1565 545 1580 ..
579 1521 765 1580 Decuriones
788 1520 825 1579 ab
847 1521 975 1581 decretis
995 1523 1238 1582 remuneratoriis
1261 1523 1398 1580 ambitio-

631 1624 673 1684 sis
696 1633 729 1682 nt
749 1624 918 1682 abstineant
1204 1644 1232 1702 p.
1252 1626 1396 1686 138.145

154 2321 286 2383 Colonos
308 2324 423 2383 divisos
445 2341 513 2382 esse
534 2324 565 2382 in
588 2323 683 2382 tribus
704 2323 773 2381 inde
794 2322 929 2394 efficitur,
951 2323 1031 2401 quod
1052 2323 1242 2400 magistratus
1257 2334 1395 2384 creantur
1423 2329 1525 2380 Coloni.

81 2445 127 2502 pro
146 2427 216 2486 tribu
238 2425 283 2503 (4,
299 2425 361 2502 18).
394 2427 456 2484 Eas
472 2426 566 2486 tribus
583 2445 642 2484 non
658 2425 750 2485 fuisse
765 2427 868 2503 populi
881 2427 1020 2498 Romani,
1043 2425 1095 2485 sed
1111 2426 1247 2502 proprias
1263 2427 1399 2487 coloniae
1430 2427 1524 2478 Tribus

85 2529 158 2586 buius
179 2530 225 2588 vel
247 2529 318 2588 Inde
340 2529 533 2607 intellegitur,
557 2529 637 2605 quod
654 2525 796 2587 Caesaris
820 2536 916 2586 aetate
939 2530 989 2587 uni
1012 2528 1068 2588 soli
1090 2547 1129 2587 ex
1151 2529 1254 2605 populi
1268 2529 1398 2589 Romani

84 2633 204 2692 tribubus
227 2639 259 2691 ut
281 2632 462 2708 reliquarum
485 2631 671 2690 coloniarum
685 2631 971 2706 municipiorumque
987 2631 1030 2689 its
1044 2633 1133 2690 etiam
1148 2632 1282 2690 coloniae
1298 2631 1397 2692 Gene-

84 2735 148 2791 tivae
173 2736 254 2792 cives
282 2735 451 2809 adscriptos
477 2733 571 2792 fuisse
598 2742 710 2791 certum
733 2742 779 2791 est
801 2742 830 2791 et
850 2733 1048 2808 exploratum.
1091 2733 1166 2792 Post
1187 2743 1305 2809 reperta
1327 2752 1398 2792 aera

85 2837 297 2912 municipiorum
320 2835 421 2893 Latini
447 2836 522 2894 iuris
545 2837 678 2895 Malacae
706 2843 734 2894 et
757 2834 920 2911 Salpensae
948 2836 1113 2894 communis
1141 2836 1243 2912 opinio
1270 2838 1399 2895 obtinuit

83 2955 122 2996 res
146 2937 280 2996 dublicas
307 2939 422 2996 formae
443 2939 596 2998 Romanae
623 2955 726 2996 omnes
753 2938 928 2997 distributas
955 2937 1049 2996 fuisse
1075 2938 1224 3010 curiatim;
1255 2957 1292 2995 ea
1319 2939 1398 2996 enim

84 3041 214 3099 ordinatio
243 3050 273 3099 et
298 3041 329 3098 in
357 3040 418 3098 illis
444 3040 616 3100 introducta
641 3049 688 3098 ert
715 3048 744 3099 et
770 3040 841 3099 alibi
870 3040 982 3116 passim
1004 3040 1188 3112 observatur,
1216 3041 1345 3098 maxime
1366 3042 1398 3098 in
1455 3058 1458 3066 ¹

84 3141 171 3200 Africa
196 3148 239 3216 (v.
263 3141 439 3218 Marqaardt
461 3141 735 3218 Stnatsocrtoaltuap
761 3143 787 3213 1,
808 3142 891 3218 467).
935 3141 999 3200 Iam
1027 3161 1098 3200 vero
1123 3160 1190 3200 cum
1217 3142 1320 3220 negari
1346 3162 1398 3200 ns·

84 3254 160 3316 queat
180 3245 327 3304 coloniam
350 3246 427 3304 hanc
453 3264 473 3302 a
492 3242 623 3304 Caesare
644 3245 788 3304 dictatore
811 3265 875 3304 cum
899 3262 965 3303 eam
987 3245 1145 3304 deduceret
1165 3245 1298 3303 tributim
1320 3245 1398 3304 ordi·

84 3353 168 3406 naum
189 3365 267 3420 esse,
289 3347 490 3423 accedantque
512 3348 592 3406 tituli
614 3347 750 3406 coloniae
765 3347 921 3423 Augustae
934 3347 1073 3424 Lilybaei
1090 3367 1154 3406 eam
1170 3367 1231 3406 rem
1247 3348 1397 3425 publicam

84 3447 221 3508 duodecim
244 3447 375 3508 tribuum
397 3448 754 3525 fuissedeclarantes1),
776 3449 857 3508 haud
879 3451 940 3508 scio
962 3468 1001 3508 an
1023 3448 1148 3507 Latinae
1170 3449 1284 3514 formae
1309 3451 1397 3510 rebus

84 3550 196 3625 publicis
221 3562 251 3609 et
277 3559 436 3628 propterea
463 3553 633 3628 municipiis
662 3563 723 3610 tam
751 3552 889 3630 propriae
917 3551 1028 3612 fuerint
1056 3552 1156 3609 curiae
1183 3569 1273 3628 quam
1303 3552 1398 3612 tribus

85 3652 176 3710 cisium
193 3653 397 3712 Romanorum
419 3653 545 3712 coloniis
566 3653 604 3712 ad
625 3653 720 3729 ipsius
742 3654 857 3713 Romae
878 3653 1038 3730 imaginem
1060 3655 1223 3732 expressis.
1254 3652 1324 3713 Non
1347 3655 1398 3712 ob-

85 3763 146 3824 ent,
170 3755 248 3832 qnod
275 3757 305 3814 in
332 3757 452 3834 oppidis
473 3757 623 3816 Africanis
649 3763 709 3815 tam
736 3757 905 3833 municipiis
931 3774 1021 3831 quam
1043 3757 1169 3815 coloniis
1192 3757 1275 3815 solae
1297 3759 1398 3816 euriae

85 3854 274 3931 inveniuntur3
300 3878 369 3917 nam
393 3877 430 3918 ea
451 3867 558 3930 aetate,
581 3877 641 3935 qua
662 3858 799 3917 instituta
820 3858 1009 3916 Romanuin
1032 3858 1165 3916 Africam
1187 3859 1397 3936 migraverunt,

86 3957 204 4018 roloniae
226 3961 440 4038 municipiiqne
458 3961 656 4039 proprietates
671 3981 724 4038 per
738 3961 1019 4019 contaminationem
1034 3961 1147 4019 formae
1169 3961 1323 4038 utriusque
1337 3962 1398 4020 iam

86 4071 130 4116 aut
152 4073 334 4122 evanuerant
358 4073 410 4122 aut
431 4064 658 4123 evanescebant.
703 4061 842 4123 Ceterum
865 4064 963 4122 curias
985 4063 1140 4139 tribusque
1162 4064 1280 4121 nomine
1302 4065 1397 4140 magis

87 4180 163 4236 qnam
183 4183 215 4222 re
236 4165 354 4224 differre
376 4174 406 4224 et
427 4167 500 4226 alibi
521 4166 724 4225 demonstravi
745 4174 775 4222 et
795 4173 897 4224 notum
920 4175 966 4224 est
986 4165 1075 4224 hodie
1097 4165 1368 4242 pervulgatumque.

156 4266 269 4326 Incolae
295 4277 565 4328 commemorantur
591 4277 710 4346 quater,
739 4268 853 4326 scilicet
878 4269 929 4326 ubi
955 4269 1054 4346 agitur
1080 4268 1116 4328 de
1142 4267 1205 4326 iure
1232 4268 1394 4328 testimonii
1419 4270 1526 4320 Incolae

87 4365 263 4429 denuntiandi
286 4369 314 4442 2,
331 4371 360 4442 6,
381 4381 411 4430 et
432 4371 484 4429 ubi
505 4371 604 4448 agitur
624 4371 661 4428 de
680 4370 846 4429 munitione
861 4370 941 4428 etde
956 4370 1131 4430 defensione
1146 4370 1280 4429 coloniae
1302 4372 1330 4442 3,
1346 4370 1394 4428 33.

153 4655 175 4718 ¹)
202 4659 300 4710 Inventi
326 4659 362 4708 ibi
386 4665 445 4708 sunt
468 4659 535 4708 tituli
559 4658 611 4708 duo
631 4657 822 4719 (Torremnzza
841 4656 901 4706 cl.2
921 4658 976 4706 n.8
998 4653 1043 4718 [=·-
1059 4655 1139 4708 Orelli
1154 4655 1246 4719 3718}
1267 4654 1308 4717 9),
1334 4670 1398 4721 quos

89 4751 223 4810 proconsuli
237 4753 340 4804 Siciliae
359 4753 461 4802 cuidam
480 4751 585 4816 filioque
604 4752 658 4800 eius
676 4757 818 4815 posueruut
832 4745 893 4798 XII
909 4747 1009 4811 trib(ns)
1029 4749 1168 4814 tertiusque
1187 4763 1263 4813 quem
1281 4748 1327 4797 alii
1346 4749 1398 4798 cni·

89 4839 138 4890 dam
161 4844 270 4895 iecerunt
295 4843 400 4894 tribules
419 4842 477 4894 trib.
497 4842 568 4894 Ionis
586 4843 653 4909 Aup.
674 4843 811 4893 Coloniam
830 4842 981 4905 Lilybaeum
1000 4840 1135 4890 deductam
1155 4855 1210 4890 esse
1227 4841 1259 4890 ab
1279 4843 1398 4905 Augusto

90 4933 257 4986 demonstrarit
274 4939 412 4989 lleuzenus
431 4936 501 4997 (ann.
522 4937 580 4986 inst.
604 4937 672 4985 1857
693 4951 717 4999 p.
735 4933 812 4996 115);
832 4951 909 4983 unum
928 4933 996 4982 addo
1015 4934 1041 4982 iu
1062 4934 1135 4982 titulo
1155 4943 1274 4998 corrupto
1293 4933 1396 4984 Reimea.

91 5023 111 5082 3,
124 5027 163 5088 ¹28,
182 5029 247 5078 uude
264 5031 370 5096 quidam
390 5031 492 5080 efficere
512 5029 649 5078 voluerunt
668 5027 785 5076 coloniae
805 5027 859 5076 eins
879 5041 1022 5090 cognomen
1039 5025 1092 5074 sive
1105 5025 1213 5074 Helvius
1229 5027 1282 5075 sive
1296 5026 1397 5086 Aeliae,

92 5115 112 5163 in
128 5133 156 5166 ec
175 5121 241 5184 quod
258 5123 367 5172 traditur
380 5137 396 5172 a
409 5122 533 5187 primario
547 5128 650 5170 auctore
665 5119 788 5171 Gnaltero
808 5121 878 5166 RES?
894 5121 1022 5166 ΕΟΙΗΕιΥ
1036 5122 1098 5164 avc
1113 5123 1225 5164 statutt·
1237 5119 1316 5167 latere
1329 5120 1397 5165 col·

93 5219 155 5262 ΠΜ
167 5237 173 5251 ·
186 5225 246 5269 AVG
257 5243 264 5258 ·
275 5227 396 5270 LILYBI'I·
