3532 5938
328 575 635 632 ousunvnnonus
661 577 935 631 remaneamus
953 577 1060 631 xvnr.
1286 558 1357 630 269

135 753 332 833 Supplementa
358 754 539 814 carminibus
567 753 669 813 addita
697 771 878 831 quamquam
908 771 965 832 pro
991 773 1024 813 re
1057 753 1095 812 ad
1121 754 1245 814 verbnm
1275 773 1361 833 prae-

70 859 126 918 stari
155 865 307 935 nequeunt,
347 876 446 918 rerum
488 867 664 936 argumenta
705 857 978 934 sententiarumque
1017 855 1151 916 ordinem
1191 875 1361 934 nexumque

70 960 240 1020 Buechelerus
262 961 327 1021 sine
349 961 441 1020 dubio
462 961 507 1019 ita
527 959 690 1020 adsecutus
713 969 768 1032 est,
791 967 824 1018 ut
845 978 996 1038 perpauca
1010 960 1078 1033 sint,
1101 960 1261 1037 dequibus
1283 962 1363 1021 iusta

71 1063 188 1123 dubitatio
207 1064 342 1141 supersit.

130 1165 219 1224 Primo
246 1165 376 1226 carmine
397 1173 545 1243 quatenus
570 1167 705 1244 intellegi
732 1173 834 1243 potest
859 1167 987 1226 victoria
1013 1165 1049 1224 de
1072 1165 1264 1226 Tacfarinate
1286 1167 1361 1226 cele·

70 1269 148 1328 bratur
165 1270 193 1327 in
214 1269 391 1329 universum.

132 1369 255 1431 Secundo
282 1373 435 1432 dedicatur
460 1391 521 1433 non
547 1380 608 1432 tam
636 1379 794 1448 praetexta
823 1371 1034 1445 sacerdotalis,
1064 1372 1179 1432 scilicet
1212 1393 1248 1433 ea
1273 1392 1362 1451 quam

68 1474 166 1550 prinam
190 1474 322 1534 induerat
344 1474 511 1536 Caesianus
534 1476 695 1554 septemvir
723 1476 812 1553 epulo
839 1495 858 1534 a
886 1474 934 1534 Ti.
957 1473 1088 1534 Caesare
1108 1485 1241 1546 creatus,
1273 1494 1363 1552 quam

69 1577 170 1650 Apronii
189 1577 238 1635 lilii
260 1579 375 1655 efligies
396 1587 556 1655 praetexta
576 1597 613 1638 ea
633 1578 745 1649 induti;
778 1596 814 1635 eo
837 1577 915 1637 enim
943 1577 1024 1636 ducit
1051 1578 1131 1654 quod
1159 1589 1204 1637 est
1225 1597 1253 1638 v.
1277 1579 1294 1637 3
1318 1581 1363 1638 hic

68 1679 122 1736 idem
132 1681 203 1752 fuit
234 1677 371 1740 Conserri
398 1688 498 1757 potest
525 1681 604 1758 quod
633 1681 675 1739 ait
701 1681 841 1741 Valerius
874 1661 1027 1739 Maximus
1055 1681 1133 1753 3,1‚
1157 1682 1187 1739 1:
1224 1679 1363 1740 Aemilius

68 1777 169 1855 Lepidm
188 1801 257 1858 puer
285 1787 426 1844 etiamtum
444 1801 617 1861 propraetor
643 1786 674 1841 in
700 1787 789 1842 aciem
815 1784 920 1843 losum
947 1786 1095 1856 interemit,
1124 1787 1210 1842 civem
1230 1788 1363 1858 seruauit,

68 1887 127 1940 artur
145 1925 152 1940 .
173 1927 179 1942 .
202 1929 208 1942 .
230 1890 324 1962 operte
351 1888 437 1945 indas
463 1897 506 1946 est
529 1890 561 1944 ιἰι
593 1885 737 1963 Capitolio
765 1895 862 1945 stuata
884 1886 996 1970 ballote
1025 1897 1050 1946 et
1070 1890 1196 1947 incincta
1215 1896 1365 1964 praetorto

67 1995 156 2044 termus
174 1988 295 2048 consulto
319 1993 434 2064 positu,
464 1989 536 2048 item
558 2007 698 2048 nummus
721 2007 786 2047 eam
810 1994 940 2047 statuam
961 2007 1132 2067 proponens
1154 1988 1255 2048 addito
1277 1989 1364 2048 titulo

66 2085 97 2143 ll.
114 2087 230 2165 Lepidm
251 2089 418 2168 amatorum)
446 2091 516 2152 XV
531 2090 733 2169 pr(09resaco)
755 2091 888 2168 Mortem)
915 2090 1044 2169 o(catdit)
1073 2091 1189 2170 eoban)
1212 2090 1363 2169 aermon)

66 2187 129 2261 (ιόιιι.
159 2191 335 2253 Altinzweeen
367 2213 398 2270 p.
426 2193 511 2270 634).
550 2227 588 2238 -
637 2192 804 2270 Utriusque
834 2194 995 2271 fragmenti
1030 2195 1177 2272 reliquiae
1213 2193 1364 2272 quomodo

65 2297 284 2368 coagmentandae
307 2297 375 2370 sint,
401 2297 586 2374 intellegitur
611 2297 741 2355 maxime
763 2313 802 2356 ex
823 2297 912 2355 huius
934 2298 1075 2357 carminis
1104 2317 1131 2355 v.
1154 2300 1188 2372 4,
1216 2297 1267 2358 ubi
1286 2297 1366 2356 inter

65 2407 88 2448 sc
105 2407 279 2472 opponuntur
299 2407 473 2478 praetextae
494 2400 572 2458 duae
593 2398 716 2477 puerilis
737 2399 838 2476 posita
858 2406 888 2458 et
910 2399 1103 2460 sacerdotalis
1126 2409 1253 2476 sumpta.

127 2497 222 2558 Tertia
241 2502 355 2579 pagiua
374 2502 433 2561 duo
461 2503 678 2580 epigrammata
700 2503 839 2574 continet
876 2520 1002 2578 quorum
1023 2501 1116 2561 altero
1136 2502 1219 2561 filius
1248 2501 1367 2562 dedicat

65 2597 278 2680 effipempanis
301 2622 449 2663 unacum
477 2606 569 2664 armis
596 2623 674 2683 quae
700 2604 795 2682 gessit
822 2606 853 2664 iu
879 2623 982 2682 pugna
1009 2604 1062 2662 illa
1087 2605 1244 2678 Africana,
1271 2604 1365 2663 altero

64 2711 128 2776 pater
145 2705 278 2783 filiusque
301 2707 431 2785 effigiem
452 2706 577 2766 Tiberii.
601 2739 639 2750 -
677 2707 726 2767 Ad
747 2728 775 2765 v.
799 2707 816 2764 7
839 2707 876 2765 cf.
900 2705 1026 2767 Ovidius
1048 2726 1088 2766 ex
1109 2707 1207 2767 Ponto
1229 2707 1258 2780 4,
1271 2709 1300 2778 7,
1308 2707 1364 2766 38:

61 2821 163 2882 pureque
176 2809 238 2883 sera
265 2813 341 2868 scuti
361 2810 477 2869 vulnere
498 2809 581 2868 nullu
602 2821 693 2869 occet.
731 2841 772 2852 -
814 2809 944 2869 Hastam
966 2830 1003 2869 ne
1025 2810 1092 2886 quis
1114 2809 1274 2870 contendat
1295 2808 1364 2867 daci

65 2902 176 2967 Romano
200 2931 308 2990 parum
335 2913 503 2986 convenire,
530 2912 731 2972 Buechelerus
757 2913 830 2971 haec
852 2912 1025 2989 adscripsit:
1060 2911 1160 2988 ‘Quod
1182 2913 1214 2970 iu
1234 2911 1365 2994 nummis

62 3001 199 3088 'Augustus
220 3015 337 3074 hastam
359 3023 439 3074 tenet
460 3023 493 3073 ut
513 3015 611 3073 Roma
637 3015 694 3073 dea
715 3014 837 3092 aliique,
858 3015 888 3072 id
910 3014 1037 3075 fortasse
1063 3035 1125 3075 non
1147 3015 1298 3074 advitam
1320 3013 1366 3072 in-

63 3105 182 3173 'stitutum
207 3127 267 3189 est,
302 3117 355 3176 sed
376 3119 416 3176 ad
447 3127 557 3188 amm3
591 3137 646 3177 nec
675 3118 744 3196 plus
766 3118 956 3177 tribuendum
988 3127 1035 3178 est
1063 3128 1170 3196 poetae
1193 3117 1366 3194 (Propertio

60 3206 169 3293 ι5,6,56)
202 3221 376 3298 Augustum
397 3221 429 3279 in
449 3238 551 3297 pugna
566 3221 690 3280 Actiaca
712 3220 755 3279 sic
780 3221 903 3279 facienti
918 3239 984 3278 cum
1000 3222 1142 3298 Apolline
1157 3237 1366 3298 prorumpere:

62 3309 175 3388 ‘proxima
204 3333 272 3398 poet
299 3341 384 3381 arcus
419 3322 552 3382 Caesario
585 3323 669 3382 Aeeta
689 3325 758 3400 suit.
813 3325 857 3382 At
888 3325 1067 3384 monstravit
1098 3325 1172 3383 mihi
1198 3323 1366 3385 Kel'ruleius

60 3411 161 3496 ‘collega
181 3423 343 3484 Traianum
366 3427 482 3484 hastam
504 3426 682 3484 iaculantem
709 3428 741 3485 in
761 3427 878 3484 hostem
899 3427 932 3485 iu
957 3443 1043 3485 arcus
1068 3427 1257 3506 triumphalis
1279 3427 1368 3486 hodie

61 3513 230 3584 'Constantini
254 3527 386 3604 imagine
408 3527 537 3604 (Bartoli
559 3529 663 3586 admir.
680 3529 739 3588 tab.
759 3530 812 3600 113
834 3529 958 3588 Rossini
975 3529 1057 3588 urchi
1070 3531 1203 3605 trionsali
1223 3531 1281 3588 tab.
1301 3531 1366 3606 73).

60 3621 157 3684 ¹Ibidem
182 3629 318 3704 (Bartoli
345 3631 403 3690 tab.
428 3631 483 3700 183
515 3630 638 3690 Rossini
664 3632 723 3689 tab.
745 3631 794 3703 71,
817 3630 855 3707 5)
889 3632 1019 3690 cernitur
1047 3632 1131 3690 iuxta
1157 3634 1367 3709 imperatorem

62 3719 132 3786 ‘stans
164 3731 222 3790 dux
259 3733 434 3804 Romanus,
462 3733 579 3809 legatus
610 3743 643 3792 ut
667 3733 786 3793 videtur
811 3733 1000 3808 tribunusve‚
1029 3735 1145 3793 hastam
1172 3745 1286 3794 tenens.
1330 3735 1366 3793 In

60 3817 177 3890 ‘columna
197 3833 324 3912 Traiani
347 3835 518 3894 Froehnero
540 3842 617 3894 teste
638 3856 667 3914 p.
684 3835 723 3894 93
756 3837 895 3895 editionis
922 3837 1046 3896 minoris
1067 3837 1230 3914 imperator
1249 3839 1367 3898 hastam'

62 3923 225 4011 '(uajccelot)
249 3946 346 4008 tenet,
373 3957 462 4015 quam
485 3938 569 3996 utin
591 3939 814 4016 oppugnatione
841 3939 959 3999 castelli
984 3940 1036 3998 vix
1061 3940 1222 3999 credideris
1249 3941 1366 4000 hastam

61 4023 159 4104 ‘puram
200 4039 302 4099 Etiam
326 4037 440 4099 Statius
464 4040 531 4098 silv.
548 4040 576 4112 3,
593 4039 622 4112 2,
641 4040 677 4099 16
700 4041 737 4099 de
760 4039 864 4100 Celere
887 4042 988 4119 legato
1009 4044 1140 4119 Augusti
1167 4041 1257 4119 quid?
1276 4047 1367 4121 sortis

62 4127 74 4189 ¹·
91 4177 97 4191 ·
116 4181 122 4194 .
141 4141 249 4215 iaculo,
283 4143 360 4224 nihil
393 4143 476 4202 aliud
507 4160 656 4201 armorum
689 4143 830 4202 adiciens.
886 4142 1024 4221 Denique
1061 4152 1095 4203 ut
1126 4163 1216 4222 neges
1249 4145 1367 4204 hastam

62 4229 128 4297 'iuter
137 4241 265 4320 legitima
284 4265 370 4304 arma
379 4245 509 4322 Apronii
523 4247 608 4323 pueri
622 4246 728 4318 luisse,
751 4264 931 4322 quamquam
947 4265 1007 4305 non
1022 4247 1142 4323 negabit
1163 4248 1214 4323 qui
1228 4247 1367 4325 inspexe-

61 4329 95 4396 ‘rit
107 4355 286 4406 monumenta
297 4347 362 4420 illa,
379 4348 477 4424 potuit
491 4349 628 4424 gregario
639 4367 704 4408 eam
715 4349 859 4426 eripuisse
881 4350 963 4409 etita
977 4367 1186 4408 consummare
1197 4344 1367 4428 tropaeum.’

63 4468 93 4480 -
106 4445 138 4502 10
150 4449 178 4506 iu
198 4465 289 4511 rosvr
307 4449 377 4526 qnid
393 4450 475 4520 insit,
497 4450 571 4510 satis
588 4451 712 4527 adsequi
726 4470 786 4510 non
801 4452 960 4529 potuimus.
1002 4451 1108 4510 Potuit
1120 4452 1179 4512 hoo
1192 4453 1258 4511 loco
1273 4453 1368 4511 nomi·

62 4546 110 4603 nui
132 4547 187 4610 dux
212 4551 414 4612 Numidarum
444 4553 482 4611 ab
508 4554 644 4628 Apronio
670 4553 843 4614 interiectus
870 4561 900 4612 et
925 4554 957 4613 in
988 4554 1092 4614 tabula
1117 4556 1231 4631 scripta
1257 4554 1366 4613 litteris

62 4650 141 4718 listris
168 4657 346 4716 vocabulum
378 4654 502 4731 aliquod
528 4654 735 4730 Numidicum,
772 4667 805 4715 ut
836 4664 882 4715 est
903 4657 1001 4715 Bocct
1031 4656 1091 4733 (sic
1124 4657 1203 4715 enim
1230 4656 1366 4734 Bogudis

63 4751 125 4824 ugia
143 4774 246 4817 numan
268 4759 383 4816 nummi
405 4757 591 4834 enuntiant),
618 4777 637 4816 a
659 4757 828 4818 Gualthero
855 4777 923 4818 cum
945 4777 980 4817 eo
1008 4759 1090 4835 quod
1111 4759 1194 4818 dedit
1214 4760 1367 4818 conlundi.

65 4843 110 4908 Sed
127 4857 257 4936 religioni
279 4860 338 4918 fnit
360 4860 561 4919 coniecturam
584 4869 645 4919 tam
666 4861 809 4920 incertam
832 4881 931 4920 rerum
952 4862 1114 4921 memoriae
1136 4861 1244 4921 inferre
1266 4863 1368 4940 itaque

63 4949 85 5005 id
107 4961 266 5036 posuimus,
298 4961 380 5040 quod
408 4969 441 5020 ut
469 4963 598 5024 fortasse
625 4982 686 5022 non
708 4963 803 5041 magis
831 4982 934 5022 verum
967 4972 1029 5037 est,
1062 4972 1142 5023 certe
1169 4982 1275 5024 nocere
1307 4985 1368 5025 non

63 5063 149 5128 ponet
1070 5065 1130 5126 Tr.
1151 5067 1325 5130 noussen.
