3580 5938
378 541 425 614 26
969 557 1119 620 unauna

376 738 475 814 iisque
509 739 618 814 partim
647 740 746 800 dubiis
774 750 946 814 versantur;
982 760 1075 818 qnare
1106 742 1188 819 leges
1216 762 1292 820 quas
1318 743 1387 802 inde
1415 744 1558 804 deducere
1587 743 1699 804 student

377 840 531 917 generales
556 858 662 916 parum
688 851 786 902 certae
814 853 892 902 sunt.
938 842 1028 919 Quod
1054 844 1150 921 siquis
1171 845 1275 905 vitiam
1297 845 1419 904 omnino
1441 847 1536 905 vitare
1557 848 1651 920 uolet,
1674 849 1698 906 ei

377 963 396 1000 a
416 943 642 1018 quaestionibus
663 946 909 1024 onomatologicis
931 966 1010 1006 nunc
1031 949 1150 1025 quidem
1174 965 1299 1024 prorsus
1321 949 1529 1009 abstinendum
1551 959 1607 1009 est.
1650 949 1698 1008 Ni·
1771 981 1772 1048 p

375 1044 440 1102 hilo
461 1064 533 1104 vero
560 1046 653 1106 setius
674 1049 773 1107 visum
799 1049 873 1108 mihi
900 1059 948 1109 est
969 1069 985 1108 e
1007 1069 1040 1108 re
1062 1067 1130 1109 esse
1156 1070 1194 1108 ex
1218 1050 1324 1110 studiis
1347 1050 1420 1110 olim
1441 1052 1589 1112 incohatis
1610 1069 1698 1128 neque

377 1165 449 1205 vero
476 1165 604 1224 unquam
632 1151 775 1227 sepositis
801 1152 832 1210 in
860 1153 1013 1229 singulare
1035 1152 1185 1228 quoddam
1207 1153 1359 1212 nominum
1380 1169 1475 1230 genus
1497 1154 1698 1214 illustrandum

376 1249 449 1326 quid
469 1248 645 1310 redundare·
656 1252 755 1330 possit
768 1253 907 1313 utilitatis
920 1254 1030 1313 iudicio
1045 1255 1208 1332 peritorum
1224 1255 1368 1326 subicere,
1390 1255 1506 1315 etiamsi
1521 1257 1698 1333 quaestionis

376 1351 600 1413 fundamentum
623 1374 684 1414 non
705 1371 801 1432 usqua
823 1374 943 1433 quaque
962 1356 1081 1416 firmum
1103 1366 1133 1416 et
1154 1357 1325 1416 absolutum
1347 1375 1413 1416 esse
1435 1376 1496 1417 non
1516 1358 1633 1434 ignoro.

460 1449 549 1528 Quod
570 1459 757 1533 grammatici
778 1457 885 1518 docent
906 1459 1029 1518 nomina
1044 1459 1196 1536 gentilicia
1209 1459 1347 1518 Romana
1366 1460 1396 1518 in
1411 1463 1456 1519 ias
1476 1459 1602 1519 formari
1616 1461 1700 1520 solita

377 1573 459 1630 esse,
483 1557 513 1615 id
540 1576 597 1618 usu
619 1576 738 1636 quoque
759 1562 946 1639 comprobari
968 1569 1071 1620 notum
1093 1569 1155 1632 est;
1181 1580 1249 1620 nam
1272 1563 1394 1620 nomina
1414 1561 1547 1638 gentium
1569 1564 1698 1640 patricia-

375 1679 443 1720 rum
469 1667 617 1737 quotquot
637 1663 776 1722 novimus
796 1663 880 1722 nullo
903 1673 1045 1740 excepto,
1069 1664 1141 1724 item
1163 1663 1328 1723 nobilitatis
1351 1663 1486 1738 plebeiae
1508 1673 1624 1724 tantum
1645 1685 1698 1724 non
1772 1653 1773 1658 ἵ

376 1765 478 1822 omnia
498 1765 531 1824 in
551 1768 596 1823 ius
617 1762 864 1842 terminantur¹).
898 1765 1014 1825 Tamen
1034 1774 1153 1842 praeter
1173 1765 1318 1825 suffixum
1339 1766 1420 1842 quod
1440 1775 1488 1826 est
1507 1771 1552 1826 ius
1575 1766 1699 1842 (aiveja,

377 1875 410 1925 at
436 1884 502 1926 cum
528 1868 738 1944 grammaticae
763 1876 953 1946 comparatae
978 1867 1150 1928 doctoribus
1173 1866 1343 1945 loquamur)
1369 1886 1446 1944 quae
1474 1867 1564 1928 etiam
1591 1870 1699 1948 origine

376 1968 414 2026 ab
439 1969 507 2046 ipso
534 1988 594 2030 non
620 1970 740 2030 diversa
760 1971 897 2030 videntur
917 1967 1014 2030 fuisse
1035 1987 1109 2030 aeus
1126 1970 1220 2047 (quod
1243 1970 1408 2046 antiquitus
1429 1975 1495 2030 aius
1515 1972 1590 2043 fuit,
1617 1970 1699 2032 Oscis

374 2069 503 2132 fortasse
524 2090 610 2146 acus,
637 2073 746 2132 rustice
769 2072 836 2149 eus)
863 2076 976 2132 eteius
998 2071 1109 2148 suffixa
1134 2075 1216 2132 omni
1238 2083 1372 2151 tempore
1393 2073 1616 2150 gentilitiorum
1637 2095 1699 2152 pro-

376 2173 444 2251 pria
464 2174 596 2246 fuerunt,
619 2183 651 2233 ut
672 2177 703 2234 in
718 2175 856 2235 Annaeus
870 2175 1027 2252 Poppaeus
1049 2185 1079 2234 et
1093 2173 1235 2234 Lucceius
1249 2175 1401 2252 Pompeius
1423 2193 1491 2234 cum
1508 2175 1698 2253 similibus2).

376 2273 436 2335 Sed
457 2295 494 2334 ne
516 2276 548 2336 in
569 2278 626 2336 hac
649 2279 769 2355 quidem
791 2297 860 2338 ants
883 2282 941 2336 aas
963 2280 1008 2336 ias
1031 2277 1208 2336 suffixorum
1231 2287 1424 2354 cognatorum
1446 2278 1592 2339 varietate
1613 2282 1699 2360 genti-
1773 2317 1774 2348 1

374 2378 511 2438 liciorum
533 2380 688 2439 nominum
708 2380 847 2440 formatio
869 2397 936 2440 sese
959 2381 1114 2440 continuit.
1146 2377 1190 2439 Ut
1209 2398 1304 2439 novae
1326 2399 1445 2456 semper
1466 2391 1571 2460 gentas
1593 2383 1700 2442 nomini
1773 2379 1774 2410 l

374 2479 484 2540 Latino
511 2491 702 2544 accesserunt
728 2484 857 2560 indeque
881 2482 1039 2561 paullatim
1066 2483 1212 2542 succrevit
1237 2483 1367 2560 populus
1388 2483 1544 2543 Romanus
1571 2503 1626 2562 per
1645 2486 1700 2544 Its·

375 2583 448 2642 liam
474 2593 504 2644 et
524 2594 612 2644 extra
633 2605 698 2644 eam
720 2586 751 2644 in
772 2586 945 2664 provincias
968 2601 1106 2663 sparsus,
1132 2586 1177 2644 ita
1197 2603 1294 2644 nouae
1314 2595 1497 2662 propagatae
1519 2595 1593 2648 sunt
1613 2588 1700 2666 genti·

375 2685 512 2746 liciorum
534 2687 687 2747 nominum
708 2688 832 2762 formae,
854 2706 941 2765 quae,
964 2695 998 2746 at
1017 2687 1088 2746 illas
1110 2687 1230 2765 proprie
1251 2685 1380 2746 Latinas
1401 2688 1500 2748 dicere
1520 2688 1601 2762 licet,
1624 2709 1700 2767 pere·

374 2789 478 2866 grinae
502 2790 622 2866 quidem
644 2791 765 2850 fuerunt
785 2791 915 2868 origine,
943 2790 996 2850 sed
1018 2799 1117 2850 tamen
1139 2790 1244 2850 eodem
1267 2796 1357 2866 atqua
1378 2789 1449 2848 illae
1470 2791 1535 2850 iure
1557 2792 1700 2852 communi

375 2908 431 2950 usu
452 2901 597 2969 receptae.
634 2894 683 2952 Ita
696 2891 816 2952 Tuscae
839 2893 963 2970 originis
985 2892 1106 2952 nomina
1127 2893 1266 2951 novimus
1288 2891 1320 2950 in
1340 2910 1410 2950 ana
1431 2891 1526 2971 (quod
1540 2913 1618 2954 arna
1632 2895 1700 2953 anti-

377 2995 478 3068 quitus
500 2994 557 3054 fuit
579 3004 611 3054 ut
630 2995 663 3055 in
678 2995 847 3073 Mantuano)
870 3003 901 3054 et
922 3013 1004 3067 rnna,
1026 2994 1120 3054 velati
1134 2993 1284 3071 Perperna
1302 2995 1462 3071 Tapsenna,
1484 3014 1623 3073 quaeque
1640 3016 1700 3058 cnm

376 3094 424 3154 his
447 3103 511 3155 arte
533 3097 692 3156 coniuncta
712 3105 782 3157 aunt
802 3098 833 3156 in
854 3101 905 3156 ina
926 3111 956 3156 et
977 3101 1056 3170 iana,
1078 3097 1161 3156 relut
1186 3095 1311 3157 Caecina
1328 3096 1491 3175 Spurinna3
1513 3095 1657 3160 Umbriae
1677 3107 1703 3158 et
1774 3107 1775 3156 l

378 3193 558 3258 Sabinorum
584 3199 708 3278 propria
733 3206 802 3260 sunt
828 3199 955 3258 formata
979 3199 1010 3258 in
1033 3217 1106 3258 anas
1128 3217 1196 3258 erras
1222 3198 1318 3275 (quod
1344 3199 1508 3277 antiquitus
1533 3199 1592 3261 init
1613 3205 1701 3261 anatis
1774 3239 1775 3272 ;

377 3301 482 3376 enatis)
505 3309 534 3360 et
555 3305 620 3361 inas
642 3301 769 3378 (iactis),
791 3303 875 3361 cuius
895 3301 1013 3379 generis
1036 3301 1125 3360 etiam
1147 3302 1328 3380 cognomina
1348 3303 1495 3361 nonnulla
1514 3305 1548 3362 in
1570 3323 1627 3365 asu
1645 3305 1702 3364 fue·

377 3401 497 3479 runtt).
530 3403 686 3464 Accedunt
706 3406 822 3464 rariora
841 3404 990 3482 quaedam
1011 3405 1043 3462 in
1065 3421 1134 3464 acus
1151 3401 1281 3476 Galliae,
1303 3405 1334 3464 in
1354 3407 1415 3464 icus
1429 3404 1553 3465 Africae
1574 3417 1606 3466 et
1619 3406 1702 3466 Lusi·

377 3505 476 3565 taniae
497 3507 631 3584 propria,
653 3507 736 3566 velut
757 3507 916 3566 Acidinum
941 3507 1092 3567 Caturicus
1114 3505 1275 3583 Pagasicus
1298 3505 1504 3568 Sammonicus.

460 3608 561 3684 Atque
589 3609 627 3667 ab
654 3609 832 3687 oppidorum
858 3609 1028 3668 nominibus
1054 3607 1189 3668 derivata
1214 3626 1281 3669 esse
1307 3609 1430 3669 nomina
1453 3610 1484 3668 in
1506 3629 1581 3670 anas
1607 3609 1702 3688 (cuins

377 3709 474 3770 solum
495 3711 626 3770 innotuit
645 3711 814 3789 exemplum
836 3711 974 3786 Mefanas
997 3709 1091 3770 Orell.
1108 3710 1203 3787 4080)
1226 3730 1295 3770 enas
1317 3714 1383 3771 inas
1406 3711 1538 3789 (Adenas
1557 3711 1702 3790 Asprenas

381 3809 524 3872 Carrinas
546 3813 681 3890 Felps'nas
705 3815 832 3874 Fidenas
855 3813 996 3890 Flslqinas
1018 3811 1148 3873 Larinas
1168 3812 1321 3873 Maecenas
1344 3811 1485 3873 Sarcinas
1499 3814 1636 3875 Sentinas
1651 3813 1702 3874 Su·

370 3917 461 3990 serras
487 3915 612 3975 Surinas
637 3911 779 3993 'lisanam
806 3916 915 3993 quibua
942 3915 1029 3974 etiam
1058 3913 1282 3974 adnumeranda
1311 3925 1382 3975 sunt
1410 3915 1517 3976 Antias
1544 3929 1576 3976 et
1603 3917 1702 3976 Maias

376 4017 506 4077 Manates
528 4016 778 4078 c.1.1..1633
807 4028 837 4077 et
856 4017 1039 4078 Umbrorum
1064 4016 1207 4094 Cupidus)
1233 4027 1284 4077 aut
1305 4037 1360 4094 per
1381 4037 1413 4078 se
1435 4027 1532 4095 patet,
1558 4038 1627 4078 cum
1652 4038 1702 4095 op·

377 4120 449 4196 pida
470 4120 547 4179 unde
568 4119 741 4180 derivantur
762 4128 834 4179 nota
855 4121 929 4190 sint,
952 4127 1004 4177 aut
1025 4137 1169 4195 perquam
1192 4120 1344 4196 probabile
1366 4131 1421 4194 est,
1442 4123 1620 4198 praesertim
1641 4140 1701 4180 cum

376 4223 454 4282 idem
474 4223 587 4282 indicet
607 4221 754 4282 Varronis
775 4222 978 4282 testimonium
1001 4221 1054 4298 (de
1074 4222 1094 4281 l.
1109 4220 1147 4280 L.
1170 4222 1187 4282 8
1204 4230 1280 4282 extr.
1302 4223 1367 4282 linc
1388 4241 1499 4300 quoque
1519 4223 1572 4282 illa
1593 4227 1703 4282 nomina

377 4321 489 4384 Lesas*
515 4323 622 4400 wenna
647 4325 788 4387 Carrinas
811 4325 982 4395 Maecianum
1010 4342 1083 4401 quae
1105 4343 1167 4384 cum
1188 4335 1279 4384 essent
1297 4325 1334 4384 ab
1357 4325 1433 4397 loco,
1459 4335 1492 4384 ut
1517 4325 1657 4398 Urbinas,
1677 4333 1704 4382 et

376 4446 453 4505 qnae
479 4427 644 4505 secuntur).
687 4427 836 4486 Videntur
860 4427 951 4504 igitur
976 4427 1113 4486 homines
1139 4445 1179 4486 ex
1204 4427 1322 4505 oppidis
1347 4427 1411 4488 illis
1438 4426 1556 4487 oriundi
1583 4427 1702 4506 originis

376 4529 586 4589 indicationem
608 4549 664 4609 pro
685 4529 817 4590 familiae
838 4529 957 4589 nomine
978 4529 1010 4588 in
1030 4535 1167 4608 posteros
1182 4529 1410 4608 propagavisse,
1431 4529 1562 4590 fortasse
1577 4539 1611 4590 ut
1624 4537 1702 4606 post·

456 4799 479 4863 ¹)
506 4799 575 4852 Vide
593 4799 750 4850 Mommsenl
767 4799 866 4850 indices
884 4799 912 4849 in
931 4805 1029 4865 quaest.
1048 4797 1151 4850 Roml
1169 4813 1194 4864 p.
1211 4799 1304 4849 lotas.

454 4890 480 4955 ²)
507 4891 581 4954 Quae
599 4906 653 4944 non
670 4891 734 4942 satis
753 4898 871 4942 securata
889 4891 1007 4942 distinxit
1025 4891 1048 4941 is
1066 4891 1110 4956 qui
1129 4906 1211 4956 nuper
1226 4891 1252 4941 in
1271 4890 1435 4941 formationis
1455 4891 1509 4940 eius
1521 4891 1623 4956 generis
1635 4891 1701 4954 leges

378 4985 511 5052 inquisivit
528 4985 583 5036 Leo
601 4985 712 5049 Meyer
729 4983 914 5048 grammaticae
933 4983 1050 5035 Graecae
1070 4989 1095 5034 et
1113 4983 1221 5034 Latinam
1241 4989 1405 5048 comparatae
1425 4984 1441 5032 ὓ
1459 4999 1486 5048 p.
1500 4983 1596 5034 tasse.

455 5075 479 5139 ⁸)
506 5079 604 5128 Eorum
626 5091 750 5141 generum
771 5077 892 5141 exempla
910 5090 975 5142 qnae
993 5082 1054 5126 ants
1072 5075 1120 5126 hos
1138 5076 1231 5140 viginti
1250 5091 1331 5126 annos
1350 5075 1485 5141 composui
1502 5076 1530 5126 iu
1549 5073 1700 5141 quaestioni-

378 5171 426 5222 bus
444 5169 658 5236 onomatologicls
678 5167 796 5230 (Bonnse
816 5169 889 5221 1854
908 5167 943 5231 Β.)
963 5183 1015 5218 non
1033 5168 1122 5233 paucis
1141 5169 1229 5234 sugeri
1248 5183 1315 5219 nunc
1333 5173 1442 5234 possunt
1460 5174 1486 5218 st
1503 5167 1533 5218 in
1550 5166 1700 5233 quibusdam

379 5263 524 5326 emendari;
542 5269 571 5312 ut
588 5267 787 5313 consentaneum
806 5267 853 5312 est.
