3580 5938
527 531 684 594 Qvtnsr.
705 531 922 584 onomtron.
942 534 967 584 1.
1360 513 1408 584 27

105 725 182 782 quam
202 705 348 764 civitatem
364 704 531 765 Romanam
553 706 653 782 adepti
675 715 759 764 erant
781 707 868 766 etiam
890 707 1041 766 nominum
1056 707 1171 766 ratione
1185 707 1330 768 Romanis
1346 723 1414 767 sese

104 809 320 885 aequiperarent.
364 805 511 868 Similiter
532 807 724 867 iudicandum
746 807 782 868 de
804 809 915 868 Tuscia
937 810 967 868 in
989 829 1065 870 arna
1087 829 1159 869 rnna
1177 814 1228 868 ina
1249 813 1333 881 innn3
1357 810 1414 868 sci·

103 909 261 969 licetTusci
282 910 420 969 homines
442 911 548 986 patriis
570 910 749 982 nominibus,
772 911 870 970 forma
891 931 993 970 eorum
1016 921 1069 971 aut
1089 911 1260 971 nullatenus
1276 920 1328 970 aut
1341 912 1414 971 levi·

102 1021 141 1071 ter
153 1013 312 1084 immutata,
334 1031 390 1088 pro
406 1011 567 1088 gentiliciis
582 1011 728 1072 Romanis
745 1013 786 1071 uti
802 1022 1048 1090 perseverarunt3
1071 1016 1108 1073 ab
1124 1015 1301 1091 oppidorum
1317 1022 1414 1074 autem

101 1115 254 1174 nominibus
275 1113 328 1172 illa
349 1114 468 1190 quidem
492 1133 552 1173 non
573 1114 709 1174 videntur
731 1116 875 1192 originem
897 1116 1031 1176 duxisse.
1075 1116 1123 1174 De
1146 1115 1274 1176 Gallicis
1296 1115 1414 1174 Africa-

102 1219 141 1276 nis
156 1216 305 1276 Lusitanis
327 1236 433 1294 parum
455 1225 588 1288 constat3
612 1217 663 1276 sed
687 1224 817 1295 possunt
837 1218 891 1276 illa
912 1228 1040 1294 utraque
1060 1218 1176 1278 ratione
1198 1228 1250 1277 aut
1271 1219 1308 1276 ab
1330 1217 1414 1295 oppi-

103 1320 141 1378 dis
160 1325 208 1377 ant
227 1319 265 1378 ab
286 1319 458 1379 hominibus
481 1319 646 1396 peregrinis
670 1319 815 1395 originem
838 1320 970 1379 duxisse.
1017 1318 1106 1393 Quod
1128 1341 1147 1379 a
1167 1320 1277 1380 Tuscis
1293 1317 1415 1379 Umbris

103 1419 207 1480 Sabinis
233 1431 368 1498 tempore
390 1431 508 1480 vetusto
535 1421 648 1480 iactum
672 1439 740 1479 esse
767 1421 921 1498 probabile
948 1435 1007 1492 est,
1034 1422 1065 1480 id
1092 1431 1225 1499 tempore
1252 1423 1416 1482 recentiore

104 1525 243 1602 repetitum
268 1541 337 1583 esse
365 1524 535 1600 frequenter
561 1523 598 1583 ab
621 1524 791 1582 bominibus
815 1524 981 1602 peregrinis
1004 1525 1129 1584 militum
1151 1524 1342 1602 potissimum
1364 1545 1415 1584 no-

105 1629 170 1686 mina
190 1627 311 1698 doeent;
334 1627 446 1686 milites
468 1626 547 1685 enim
569 1626 701 1690 cuiusvis
723 1625 785 1684 fere
807 1625 924 1703 generis
938 1627 1061 1686 nomina
1075 1628 1204 1687 barbara
1218 1629 1249 1687 in
1264 1628 1417 1706 gentilicia

105 1729 222 1790 Romana
242 1739 417 1788 convertere
439 1729 586 1788 solebant.

172 1829 229 1891 Sed
255 1841 376 1909 praeter
401 1832 553 1890 nominum
581 1849 691 1908 genera
717 1832 786 1904 illa,
812 1850 889 1907 quae
914 1833 1011 1909 primo
1039 1833 1140 1892 statim
1166 1833 1310 1908 adspectu
1334 1851 1417 1909 pere·

106 1935 189 2010 pinse
215 1935 341 2012 originis
369 1953 437 1994 esse
464 1934 725 2011 deprehendimus,
753 1934 831 1994 aliae
859 1943 962 1993 extant
983 1935 1200 2012 gentiliciorum
1222 1935 1335 1994 classes
1357 1955 1417 1994 non

105 2039 190 2096 inias
217 2039 459 2108 terminatorum,
489 2053 565 2112 quae
591 2038 712 2114 proprie
739 2036 877 2095 Romana
902 2046 954 2094 aut
981 2048 1060 2096 certe
1082 2037 1189 2098 Italica
1214 2055 1280 2096 esse
1306 2045 1417 2096 certum

106 2153 152 2212 est;
179 2141 290 2199 scilicet
315 2140 346 2198 in
373 2149 447 2198 anns
470 2150 535 2196 taus
557 2148 626 2196 snus
653 2139 820 2198 terminata.
864 2142 966 2216 Atque
993 2139 1029 2197 de
1057 2140 1109 2212 iis,
1140 2157 1216 2216 quae
1241 2141 1273 2198 in
1299 2144 1364 2199 inus
1389 2149 1419 2198 et

106 2261 159 2300 mss
177 2242 305 2301 formata
326 2250 405 2314 sunt,
431 2259 527 2319 pauca
549 2239 731 2316 moneb01),
758 2239 879 2300 nomina
902 2259 972 2300 vero
998 2242 1029 2299 in
1050 2259 1123 2300 nnus
1149 2243 1317 2302 accuratius
1343 2251 1419 2301 trac-

106 2345 170 2404 tabo.

174 2447 296 2507 Praeter
322 2447 401 2506 alius
428 2448 546 2523 generis
574 2446 721 2504 adieetira
747 2447 884 2524 inprimis
913 2464 932 2503 a
952 2446 1085 2505 locorum
1109 2447 1280 2508 nominibus
1301 2447 1332 2508 in
1352 2459 1418 2508 inne

105 2549 188 2608 solent
207 2551 353 2609 adiectiva
374 2549 507 2620 formari,
530 2557 562 2608 ut
577 2547 701 2607 Lanam
717 2547 843 2607 Sabinus
865 2549 1016 2625 multaque
1038 2549 1111 2621 alia3
1134 2551 1262 2626 ipsaque
1284 2550 1418 2610 locorum

106 2653 225 2724 nomina,
252 2660 286 2710 ut
307 2651 453 2710 Larinum
474 2651 621 2710 Sentinum
647 2650 722 2721 alia,
748 2650 882 2710 eiusdem
908 2659 978 2710 sunt
1003 2650 1201 2711 formationis.
1245 2653 1333 2711 Talia
1359 2671 1419 2712 non

105 2755 247 2813 admodum
272 2773 342 2812 raro
367 2755 399 2812 in
424 2753 641 2830 gentiliciorum
670 2771 758 2812 usum
781 2771 926 2812 conversa
947 2770 1014 2812 esse
1037 2752 1149 2829 (veluti
1169 2754 1359 2831 Pomptinus)
1381 2757 1419 2814 ab

108 2875 169 2928 nno,
190 2857 246 2915 nisi
267 2856 367 2928 fallor,
391 2853 430 2914 G.
454 2855 489 2914 F.
514 2853 760 2914 Grotefendio
781 2855 811 2915 in
835 2866 1009 2915 transcursu
1031 2855 1193 2932 aliquando
1214 2855 1337 2930 dictum,
1360 2875 1420 2916 non

106 2959 170 3018 satis
190 2969 325 3018 accurate
348 2958 530 3034 explicatum
552 2955 649 3033 cett).

176 3060 337 3120 Difficilius
364 3060 557 3119 iudicandum
586 3059 622 3118 de
648 3060 820 3119 nominibus
847 3061 881 3118 in
906 3069 990 3133 enne,
1017 3078 1094 3138 quae
1119 3061 1171 3120 diu
1196 3069 1244 3120 est
1264 3060 1344 3138 quod
1364 3079 1420 3140 pro

106 3163 317 3239 cognominibus
338 3163 441 3222 haberi
464 3162 562 3222 solent
583 3163 683 3222 omnia
705 3183 724 3222 a
745 3163 818 3222 ciris
842 3162 952 3234 doetis3
977 3163 1069 3222 veluti
1091 3163 1212 3238 Alfmus
1226 3163 1420 3224 Horatianus.

106 3263 218 3342 Proprie
237 3265 377 3324 Latinum
400 3283 467 3324 esse
489 3275 523 3324 sn
544 3265 702 3336 suffixum,
733 3283 902 3342 quanquam
924 3283 984 3324 non
1006 3265 1167 3324 admodum
1187 3266 1343 3344 frequens,
1368 3267 1421 3325 do-

107 3375 164 3424 cent
187 3377 283 3427 catena
310 3368 422 3428 babens
449 3369 557 3426 borenc
583 3371 704 3427 verbena
725 3368 868 3428 cantilena
891 3369 1005 3426 laniena
1028 3377 1160 3426 sensnum
1182 3377 1284 3445 agenna
1305 3379 1421 3429 screnus

107 3469 206 3526 alicnus
230 3479 356 3530 tarenos
382 3479 411 3544 et
438 3470 559 3529 similia.
602 3469 700 3531 Simili
726 3471 843 3529 ratione
870 3488 889 3527 a
914 3469 1028 3540 radice,
1058 3487 1134 3546 quae
1161 3479 1208 3528 est
1234 3471 1293 3544 Ats
1316 3471 1364 3547 (ut
1389 3473 1421 3530 in

107 3570 222 3648 Apias),
251 3573 388 3648 Alsenos,
415 3591 433 3632 a
461 3573 563 3632 Pontio
589 3571 760 3646 Portiones,
788 3591 806 3630 a
833 3570 933 3632 Satrio
958 3571 1110 3632 Satn-imus
1137 3581 1217 3631 recte
1238 3572 1420 3632 derivantur.

108 3674 277 3734 Aloeorum
299 3675 473 3734 nominibus
495 3682 598 3751 aperte
619 3695 656 3735 ea
677 3693 736 3734 non
759 3683 828 3734 sunt
849 3675 997 3747 derivatam
1020 3683 1118 3734 tamen
1140 3673 1215 3734 haec
1235 3694 1353 3755 quoque
1367 3695 1421 3737 no·

108 3877 295 3889 ——-

175 4025 197 4088 ¹)
223 4027 288 4078 Illud
312 4035 412 4078 tantum
437 4043 531 4078 monce
556 4028 690 4078 occasions
715 4028 790 4090 data,
818 4029 928 4078 amicam
951 4028 1100 4079 Mamurrae
1126 4029 1270 4080 decoctoris
1289 4029 1421 4081 Formiani

111 4116 265 4169 &tullianam
285 4119 323 4182 (c.
338 4122 371 4169 41
393 4127 418 4170 et
435 4119 487 4182 44)
513 4123 568 4170 eiua
590 4121 692 4185 generis
716 4137 810 4170 nomen
830 4120 963 4182 habuisse,
988 4137 1040 4170 non
1061 4137 1213 4187 cognomen.
1250 4123 1317 4173 Nam
1340 4123 1367 4171 in
1392 4123 1423 4172 lis

113 4225 170 4272 qnae
188 4213 318 4262 traduntur
337 4213 429 4262 litteris
449 4212 472 4261 A
486 4227 522 4262 me
535 4229 552 4262 α
564 4229 599 4262 no
615 4219 686 4262 certo
705 4228 757 4264 non
771 4214 905 4262 Ammiano
922 4221 966 4262 aut
978 4213 1099 4263 Anniana
1110 4214 1192 4264 latent
1204 4215 1358 4279 cognomina
1369 4215 1423 4265 vul·

109 4303 171 4364 garis
196 4311 218 4352 ct
234 4319 267 4354 ne
285 4306 348 4356 satis
367 4306 476 4370 antiqua
493 4305 612 4370 quidem
633 4320 698 4370 quae
718 4307 868 4370 placuerunt
884 4305 1018 4356 Frc'rhnero
1038 4312 1064 4355 et
1084 4305 1232 4358 Schwabio.
1270 4306 1336 4358 Sunt
1354 4307 1422 4358 enim

110 4393 163 4443 tatia
178 4395 328 4448 seminarum
348 4397 455 4448 nomina
473 4397 570 4448 liberae
589 4399 627 4448 rei
646 4398 764 4463 publicas
784 4405 901 4463 tempore
918 4413 1000 4462 paene
1018 4397 1148 4461 inaudita;
1175 4397 1268 4448 deinde
1289 4399 1424 4464 dupliciter

111 4495 224 4547 peceatum
244 4497 310 4540 esset
328 4495 354 4540 et
373 4490 549 4554 geminatione
571 4491 681 4551 omissa,
702 4505 768 4556 quae
787 4497 847 4541 ante
867 4490 995 4541 Catullum
1016 4491 1099 4540 omitti
1118 4492 1224 4542 omnino
1244 4491 1330 4554 desiit,
1352 4499 1378 4542 et
1396 4493 1423 4543 in

111 4591 178 4642 epte
195 4581 205 4628 ι’
220 4583 311 4633 rustice
331 4583 424 4648 posita.
457 4583 510 4635 Sed
529 4583 599 4648 qnod
616 4584 743 4648 Hauptius
763 4583 864 4648 scripsit
883 4583 1000 4634 Anaetica
1018 4584 1136 4648 proxima
1156 4583 1256 4634 accedit
1274 4585 1307 4633 ad
1326 4584 1424 4636 litteras

112 4671 203 4722 traditas
226 4680 250 4723 et
273 4675 470 4724 commendatur
493 4676 641 4725 nominibus
665 4674 853 4740 geographicis.
892 4675 991 4726 Plinius
1016 4676 1084 4725 enim
1103 4675 1240 4726 Amitinum
1257 4677 1327 4727 Latii
1350 4678 1424 4742 oppi-

112 4759 163 4812 dum
180 4763 210 4826 (3
230 4763 301 4827 ξ68)
322 4774 348 4816 et
366 4767 467 4817 Tuscos
484 4767 651 4817 Amitincnscs
671 4766 695 4842 (ξ
709 4768 753 4829 52)
773 4768 904 4829 nominat3
930 4767 1040 4817 Ametini
1058 4767 1159 4828 (Latini
1178 4767 1250 4832 puto)
1270 4769 1379 4820 redeunt
1395 4769 1424 4820 in

113 4854 187 4916 titulo,
211 4872 283 4922 quem
307 4873 339 4908 ex
359 4859 467 4910 Marinii
487 4859 589 4909 schedis
610 4859 700 4910 babuit
719 4859 917 4910 Kellermannus
936 4861 994 4924 Vig.
1013 4875 1039 4923 p.
1054 4861 1090 4910 44
1109 4859 1187 4920 (inda
1206 4861 1312 4911 Henzen
1332 4861 1424 4924 51³6).

112 4943 214 4998 Indidem
236 4950 345 5000 metasse
369 4951 513 5002 derivatum
540 4958 579 5002 est
598 4953 795 5002 Volumniorum
818 4967 960 5016 cognomen
979 4951 1135 5012 Ammonos,
1161 4953 1230 5018 quod
1250 4953 1276 5002 in
1295 4953 1368 5005 lastis
1386 4961 1425 5004 est

113 5033 141 5094 i&
153 5039 223 5103 l93);
242 5043 351 5092 tortasse
369 5057 423 5093 non
442 5051 510 5093 recte
528 5031 574 5094 ita*
585 5045 708 5108 scriptum
727 5058 743 5093 a
761 5044 845 5094 doctis
863 5044 1019 5104 hominibus,
1040 5043 1083 5108 qui
1102 5043 1182 5094 fastos
1201 5039 1374 5096 coniecerant.

177 5128 200 5193 ²)
224 5133 253 5184 ln
272 5135 467 5199 quaestionibus
485 5135 517 5185 de
535 5137 693 5202 geographia
712 5143 738 5186 st
755 5135 865 5186 historia
883 5137 976 5186 veteris
995 5136 1087 5186 Italiae
1105 5135 1192 5186 lascis.
1204 5137 1228 5186 V
1247 5139 1318 5188 1842
1338 5153 1364 5202 p.
1377 5140 1422 5200 42,

114 5220 149 5282 qai
165 5223 242 5276 libelli
263 5227 343 5277 multa
362 5227 470 5278 contusa
487 5229 532 5278 sed
552 5229 630 5278 etiam
650 5244 701 5280 non
721 5243 802 5295 pauca
821 5235 889 5278 recte
908 5228 940 5279 de
959 5229 1000 5279 his
1016 5227 1091 5278 rebus
1109 5227 1245 5280 observata
1263 5231 1402 5283 continent.
