3580 5938
556 566 708 619 cruram
725 567 923 620 sasamon.
1345 549 1401 618 '21

90 745 215 820 (tertium
241 762 351 802 nomen
378 760 437 800 non
466 740 595 818 catrico)
623 739 774 801 Gallicani
800 742 857 801 viri
883 741 1092 818 consularis1)
1120 743 1286 818 horumque
1311 743 1405 801 filiam

88 846 245 908 Corneliam
267 843 467 923 Cethegillam
498 851 599 902 statua
623 845 799 902 honoratam
826 863 865 902 ex
893 853 1014 903 senatus
1041 845 1204 921 populique
1229 845 1403 922 Mytilenaei

88 950 258 1010 auctoritate.
297 946 435 1023 Quorum
456 947 610 1006 hominum
631 953 759 1006 aetatem
782 947 808 1005 si
831 947 1002 1024 quaerimus
1025 967 1113 1006 unum
1137 956 1184 1006 est
1204 966 1257 1005 cur
1272 957 1405 1006 vetemur

87 1053 164 1110 niuis
189 1051 345 1128 antiquum
370 1051 488 1110 titulum
514 1059 630 1127 putare.
673 1049 838 1110 Verissime
859 1068 950 1126 saepe
972 1069 991 1108 a
1012 1050 1115 1108 multis
1137 1052 1327 1109 observatum
1349 1059 1405 1124 est,

89 1163 191 1213 veteres
216 1153 393 1212 mulieribus
419 1153 559 1230 publicos
585 1153 715 1211 honores
741 1152 883 1212 tribuisse
909 1153 1005 1230 magis
1031 1154 1063 1212 in
1088 1153 1234 1212 maiorum
1262 1171 1350 1229 quam
1372 1155 1405 1214 in

88 1259 206 1334 ipsarum
228 1257 370 1316 honorem
392 1265 423 1314 et
443 1255 580 1332 gratiam.
613 1255 684 1314 Iurc
705 1254 796 1333 igitur
816 1275 877 1314 non
900 1256 996 1314 solum
1018 1263 1104 1332 pater
1124 1263 1154 1314 et
1175 1264 1279 1328 mater,
1301 1276 1404 1316 verum

90 1379 152 1420 arus
178 1377 297 1436 quoque
325 1355 513 1435 Cethegillae
542 1358 786 1418 honorificentius
811 1360 995 1431 nominatum
1029 1377 1132 1417 omnes
1158 1359 1235 1417 enirn
1265 1359 1339 1418 bene
1367 1360 1404 1419 de

91 1461 173 1538 patria
195 1461 293 1520 meriti
320 1461 447 1520 fuerant.
490 1459 563 1520 Non
588 1461 715 1519 adicitur
737 1461 931 1539 Theophanis
957 1480 1079 1532 nomen,
1108 1480 1197 1537 quem
1223 1461 1402 1521 caelestibus

92 1565 153 1622 rdeo
177 1563 340 1624 honoribus
369 1563 526 1624 coluerant
551 1563 740 1640 Mytilenaei,
770 1563 846 1622 hano
873 1564 979 1640 opinor
1004 1571 1126 1640 propter
1154 1581 1292 1634 causam,
1322 1564 1403 1640 quod

92 1667 168 1724 ninia
200 1667 343 1744 temporis
378 1665 600 1742 intercapedine
633 1665 699 1724 eius
730 1666 874 1726 memoria
905 1687 924 1724 a
955 1665 1141 1742 Cethegillac
1173 1667 1286 1725 honore
1318 1684 1402 1743 sepa·
1454 1647 1457 1672 ¹

92 1777 147 1827 rata
168 1769 231 1828 fuit

92 2029 212 2088 XXIIII.
252 2029 379 2089 Ibidem.

619 2155 745 2242 ’Apide
766 2155 852 2243 τύχοι

160 2267 178 2326 ci
196 2259 296 2336 βᾶλλα
316 2260 364 2328 acl
385 2268 400 2328 ὅ
423 2263 515 2338 δᾶμος
535 2261 729 2347 iaschub-Just
743 2257 889 2326 Mc'dsrrcv
903 2263 1081 2326 Ἀπολλωνοω
1099 2269 1141 2324 roi
1153 2259 1295 2329 Adhimvcc
1310 2262 1401 2327 παῖδα

158 2365 333 2432 Ἀπολλωνῖω
355 2375 396 2430 τῶ
416 2361 642 2456 «γυμνασιάρχαι,
662 2365 709 2428 τδν
731 2361 920 2447 ἀγωνοθέται)
941 2358 989 2427 nal
1011 2363 1257 2454 παναγυρῖαρχον,

91 2562 135 2621 Bis
153 2564 295 2640 reperitur
316 2565 421 2624 titulus
443 2564 474 2622 in
495 2563 632 2622 Pariana
653 2562 779 2639 sylloge,
802 2562 884 2621 nulla
904 2562 967 2622 fere
988 2562 1125 2622 lectionis
1147 2563 1358 2638 discrepantia.

159 2667 246 2725 Aulio
272 2675 303 2724 et
322 2666 431 2726 Aulius
459 2666 535 2724 duae
556 2666 695 2724 diversae
716 2665 850 2724 eiusdem
872 2665 976 2741 stirpis
997 2665 1191 2725 formationes
1214 2677 1297 2736 sunt,
1325 2667 1402 2724 sicut

92 2766 207 2845 Vergilio
233 2776 263 2827 et
284 2769 452 2845 Vergilius,
475 2767 551 2827 Cato
577 2777 609 2826 et
629 2765 739 2838 (latus,
767 2767 828 2825 alia
854 2767 957 2825 multa
1001 2760 1093 2824 παῖδα
1122 2767 1298 2852 vocabulum
1325 2769 1401 2828 satis

91 2869 247 2946 impeditum
268 2872 367 2931 locum
389 2878 516 2946 occupat
536 2870 665 2928 medium
685 2869 763 2927 inter
785 2869 843 2928 duo
865 2869 915 2927 avi
937 2869 1070 2940 nomina,
1092 2870 1194 2928 nescio
1216 2871 1402 2946 quadratarii

90 2974 259 3052 neglegentia
289 2993 328 3033 an
356 2973 494 3050 quaesita
523 2971 653 3032 auctoris
684 2972 841 3049 elegantia.
892 2971 1053 3030 Manifesto
1080 2979 1178 3031 autem
1206 2973 1324 3032 additur
1351 2975 1401 3033 avi

89 3093 180 3134 nomen
205 3075 384 3154 hacpropter
411 3077 491 3153 quod
515 3093 637 3134 munere
658 3073 778 3150 publico
801 3074 919 3133 functus
941 3073 1135 3133 honorificam
1158 3076 1205 3134 sui
1226 3076 1400 3135 memoriam

88 3177 240 3255 reliquerat.

89 3438 344 3500 XXV-XXVII.
386 3440 502 3500 Ibidem
528 3439 602 3498 Ροο.
646 3439 696 3497 nd
721 3438 867 3498 circulare
893 3455 1091 3496 marmoreum
1118 3438 1236 3516 epistile
1263 3440 1399 3518 esculapi

121 3543 311 3621 antiquissimi
333 3543 439 3618 templi
460 3551 490 3601 et
511 3543 614 3618 utique
637 3541 823 3618 (antiquael)
844 3540 951 3599 dianae
971 3539 1106 3599 thermae
1126 3541 1193 3598 Pal.

89 3731 175 3794 XXV.
224 3733 364 3811 ....ο[ς]
383 3721 671 3810 Ἀο-κ[λα]π[ο]οἷ[δοι]
692 3725 764 3816 iprae
787 3724 835 3789 daci
856 3731 861 3810 1
885 3721 981 3808 piatos
1001 3729 1042 3788 rut
1056 3729 1188 3816 Σωτῆρος
1210 3734 1214 3811 Ι
1230 3726 1395 3793 'Arahario
1413 3791 1416 3804 ,

219 3827 267 3894 nal
288 3827 364 3922 ipsos
387 3837 392 3914 Ι
416 3829 464 3893 dci
485 3827 543 3902 βῖω
565 3826 710 3901 Λεσβίοις.

90 4023 189 4087 XXVI.
224 4049 261 4088 arc
286 4021 341 4086 τᾶν
361 4015 483 4110 κροῖνναν
507 4028 511 4104 Ι
535 4016 583 4084 καὶ
603 4020 635 4083 rd
659 4014 840 4110 ddpcqm'qrcv
861 4018 924 4104 dulc*
947 4026 1106 4110 quqpaoiv
1125 4016 1263 4109 Ἀρτέμιδι
1285 4030 1398 4112 &lappam

219 4121 328 4189 eduardus
352 4120 501 4206 Ar'ras(?).

90 4315 202 4382 XXVII.
474 4311 677 4404 αὐτοκράτορος
698 4309 773 4394 &ela
797 4360 926 4377 .......

475 4415 524 4481 nal
542 4412 722 4482 Ἀπᾶλλωνος
744 4413 861 4504 Orgala
886 4464 1015 4480 .......
1027 4437 1032 4458 ¹

90 4608 155 4670 Tres
172 4615 225 4674 hae
245 4617 456 4694 inscriptiones
478 4614 566 4672 unius
589 4629 692 4671 omnes
708 4612 768 4671 loci
782 4630 850 4672 esse
864 4613 1002 4672 concludi
1016 4621 1117 4690 potest
1132 4631 1170 4670 ex
1184 4613 1322 4673 lemmate
1337 4615 1393 4673 Pa-

91 4711 177 4774 latino.
217 4718 255 4776 Et
278 4719 309 4777 in
331 4717 506 4796 apographo
527 4715 663 4774 Pariano
685 4715 824 4791 deinceps
846 4716 993 4792 leguntur,
1025 4716 1104 4791 quod
1125 4715 1181 4772 etsi
1202 4735 1262 4773 non
1284 4717 1394 4793 ubique

92 4917 271 4933 ’Ἅι-ι..-

153 5067 174 5130 ι)
198 5069 368 5138 [intellegitur
387 5069 481 5136 opinor
493 5069 531 5120 M.
545 5068 646 5134 Squilla
659 5067 808 5120 Gallicanus
827 5069 916 5118 consul
933 5067 1077 5118 ordinarius
1097 5083 1120 5118 a.
1133 5071 1193 5132 127,
1214 5069 1284 5119 cuius
1297 5084 1393 5120 nomen

91 5160 226 5218 gentlicirm
247 5181 316 5215 nunc
341 5165 444 5214 demum
469 5161 613 5215 innotescit.
652 5161 726 5211 Uxor
745 5159 874 5212 Gallicani
899 5162 982 5226 neptis
1001 5159 1110 5214 tortasse
1129 5162 1179 5212 fuit
1197 5163 1319 5226 praetorii
1339 5164 1393 5212 eius

92 5251 126 5312 lli
141 5255 286 5322 scrittap.
300 5257 364 5308 Chr.
378 5255 421 5306 33.
460 5255 513 5307 Tu.
532 5253 582 5318 M.]
