3530 5932
390 527 459 597 136
822 551 1129 602 contruncarunt
1149 552 1233 603 von.
1253 553 1282 602 11

387 720 449 779 sire
479 721 658 798 oppidaaffl)
690 724 753 781 sive
784 722 943 801 0160019),
977 743 1028 784 cos
1060 727 1120 784 ism
1151 726 1353 803 intellegimus
1385 726 1476 786 etiam
1509 726 1572 784 iure
1599 725 1697 784 differre
1753 721 1754 794 J

386 841 404 879 a
429 823 563 900 reliquis.
609 823 689 898 Quid
713 827 883 902 quodcum
905 827 1019 908 passim
1043 828 1163 899 titulos,
1191 831 1270 887 intra
1291 846 1392 887 muros
1415 828 1545 901 scilicet,
1573 827 1697 886 dedicarit

380 925 463 1000 plebs
490 925 617 999 urbana,
652 927 717 986 viro
745 929 886 1004 primario
912 928 1079 989 Veronensi
1108 930 1266 1008 titulum³)
1296 931 1435 1007 posuisse
1463 931 1612 989 invenitur
1633 932 1697 1008 plebs

384 1027 561 1103 1101001010),
589 1029 704 1088 scilicet
731 1040 790 1089 tam
814 1033 928 1090 urbana
949 1051 1038 1109 qnam
1060 1033 1185 1106 rustica,
1215 1051 1342 1110 eumque
1363 1034 1482 1111 titulum
1506 1031 1697 1092 non.Veronae
1753 1039 1754 1112 ᾗ

386 1131 551 1205 proposuit,
573 1133 625 1190 sed
648 1142 735 1191 extra
757 1135 860 1192 urbem
883 1132 1076 1212 Colognolae.

254 1242 366 1292 Decreta
467 1231 629 1292 Decretum
658 1235 849 1294 decurionum
873 1244 905 1294 ut
926 1237 988 1295 inre
1010 1238 1076 1310 fiat,
1104 1237 1279 1313 plerumque
1301 1247 1399 1297 certus
1422 1255 1562 1297 numerus
1586 1249 1616 1298 ut
1636 1238 1697 1296 adsit
1753 1223 1754 1308 l

251 1316 368 1366 ‘¹⁰⁰¹“50'
386 1335 554 1410 requiritur.
597 1336 676 1395 Nam
706 1338 742 1395 de
770 1358 829 1396 nna
855 1346 969 1397 tantum
996 1360 1043 1412 re,
1071 1340 1186 1398 scilicet
1211 1341 1348 1400 hostibus
1375 1341 1510 1400 coloniae
1537 1341 1696 1399 territorium

244 1406 374 1527 quffido
384 1436 592 1496 invadentibus
615 1441 789 1498 decuriones
812 1451 1011 1517 quotcumque
1035 1443 1144 1500 adsunt
1167 1453 1199 1500 ut
1220 1443 1381 1502 decernant
1402 1443 1582 1520 permittitur
1602 1443 1646 1518 (5,
1660 1444 1696 1518 5);

276 1538 341 1586 fiant
386 1538 501 1597 scilicet
526 1540 568 1598 ibi
590 1542 754 1619 periculum
777 1551 823 1601 est
844 1544 875 1602 111
895 1563 987 1602 mora.
1032 1546 1138 1603 Altero
1161 1546 1240 1604 enim
1263 1547 1330 1604 loco
1354 1545 1494 1622 (7,15),
1516 1545 1567 1603 ubi
1589 1545 1697 1604 decura

384 1642 563 1718 templorum
593 1645 707 1719 agitur,
739 1663 798 1703 non
830 1654 890 1704 tam
917 1645 996 1704 idem
1024 1647 1207 1724 permittitur
1237 1667 1326 1726 quam
1355 1665 1497 1708 numerus
1525 1648 1697 1708 decurionum
1753 1643 1754 1720 l

384 1744 536 1822 legitimus
563 1764 623 1804 non
651 1747 830 1806 enuntiatur.
874 1747 1037 1807 Praeterea
1067 1751 1192 1826 singulis
1221 1751 1298 1809 locis
1326 1750 1437 1810 diserte
1465 1750 1502 1809 de
1532 1769 1566 1808 eo
1594 1761 1698 1809 cavetnr

384 1865 479 1922 neque
502 1857 600 1906 tamen
621 1849 734 1925 pariter
755 1850 862 1908 ubivis.
899 1850 978 1910 Nam
1000 1861 1143 1926 quattuor
1164 1854 1311 1929 capitibus
1329 1854 1499 1929 requiritur,
1523 1863 1556 1913 ut
1569 1853 1642 1911 adsit
1654 1872 1697 1909 acu

383 1953 476 2008 minua
497 1955 590 2008 maior
607 1970 680 2026 pora
704 1951 761 2026 (sic
784 1952 818 2023 3,
835 1952 867 2027 9)
890 1953 953 2010 sive
976 1959 1067 2012 motor
1084 1973 1159 2030 parc
1182 1955 1240 2030 (sic
1261 1957 1288 2027 l,
1305 1955 1333 2014 9.
1357 1955 1389 2027 3,
1406 1955 1455 2013 24.
1480 1957 1513 2026 8,
1530 1957 1576 2032 5),
1601 1974 1654 2013 000
1675 1965 1699 2012 01

385 2051 463 2110 adsit
483 2071 539 2111 uon
561 2056 653 2112 micus
676 2055 797 2111 dimidiu
815 2073 890 2130 pars
914 2055 956 2128 (6,
976 2055 1037 2130 18),
1051 2035 1187 2129 duobus,
1208 2067 1242 2114 nt
1260 2057 1361 2116 adsint
1376 2076 1433 2116 coc
1448 2062 1541 2117 minuc
1556 2057 1584 2115 t
1604 2057 1642 2133 (3,
1663 2057 1699 2114 19.

385 2154 418 2225 6,
435 2153 507 2231 33),
534 2155 614 2231 quod
641 2155 743 2214 eodem
767 2156 882 2215 videtur
908 2157 1021 2229 redire,
1049 2178 1115 2217 cum
1143 2158 1318 2218 decuriones
1343 2169 1461 2219 centnm
1489 2161 1519 2219 in
1546 2160 1697 2236 municipiis

385 2274 452 2314 esse
474 2257 635 2332 soleant⁴).
671 2258 785 2318 Tribus
808 2268 922 2318 tantum
946 2259 1021 2319 locis
1044 2280 1185 2319 numerus
1208 2261 1330 2320 dimidio
1353 2263 1448 2321 maior
1468 2263 1600 2321 minorve
1618 2261 1698 2338 exigi·

384 2368 446 2429 tur,
472 2368 502 2417 et
529 2360 645 2420 duobus
673 2362 791 2436 quidem
819 2363 928 2434 maior,
958 2365 1081 2421 duarum
1098 2368 1229 2440 partium
1254 2364 1352 2440 (4,1)
1379 2365 1489 2436 altero,
1517 2365 1606 2422 altero
1628 2368 1697 2422 11100

380 2463 509 2538 portium
531 2461 575 2536 (7,
595 2462 661 2539 44),
683 2482 743 2520 000
765 2463 871 2536 minor,
894 2473 927 2522 ut
948 2464 1046 2536 adsint
1067 2485 1122 2524 noc
1143 2470 1235 2524 minuc
1258 2466 1389 2524 XXXX
1408 2467 1451 2542 (4,
1471 2467 1532 2542 12).
1569 2465 1697 2526 Convenit

383 2563 475 2639 igitur
496 2565 547 2623 lex
567 2566 641 2624 haec
662 2565 741 2624 Iulia
762 2585 828 2624 cum
851 2566 1025 2662 municipah
1039 2565 1190 2642 Caesaris,
1213 2587 1289 2644 quae
1312 2569 1429 2646 etipsa
1451 2569 1492 2645 (r.
1507 2569 1580 2645 150)
1599 2569 1697 2644 legatos

383 2685 436 2742 per
462 2667 613 2726 maiorem
630 2677 745 2745 partem
772 2667 965 2727 decurionum
992 2661 1087 2728 creari
1113 2671 1209 2742 iubet,
1241 2672 1442 2746 receduntqnc
1472 2671 1577 2730 ambae
1603 2690 1620 2730 a
1645 2671 1698 2744 lega

383 2769 557 2845 municipali
579 2789 615 2829 ea
638 2789 727 2846 quam
749 2766 940 2848 Ulpianus⁵)'
964 2771 1067 2830 scribit
1088 2791 1207 2846 cavere,
1234 2783 1268 2832 ut
1288 2774 1361 2832 ordo
1383 2793 1442 2831 non
1464 2772 1552 2832 aliter
1573 2773 1698 2831 habeatnr

384 2887 472 2944 quam
496 2871 612 2931 duabus
634 2873 769 2951 partibus
792 2873 943 2945 adhibitis,
966 2893 1055 2951 quam
1077 2875 1172 2952 legem
1196 2889 1226 2934 et
1247 2875 1374 2935 edictum
1397 2877 1528 2952 Augusti
1551 2877 1587 2934 de
1606 2893 1697 2951 aquae-

383 2973 474 3031 ductu
487 2973 659 3033 Venafrano
681 2983 711 3034 et
726 2974 851 3033 Flaviae
871 2975 954 3053 leges
971 2975 1158 3052 Salpeneana
1180 2988 1209 3036 et
1223 2978 1406 3036 Malacitana
1426 2979 1489 3036 fere
1505 2975 1697 3056 sequnnturi).

384 3073 576 3154 Quapropter
598 3077 677 3136 haud
699 3077 761 3136 scio
784 3097 822 3136 an
849 3086 969 3137 vetusta
995 3081 1045 3138 lex
1071 3081 1214 3139 maiorem
1243 3088 1358 3138 tantum
1385 3080 1577 3139 decurionum
1598 3089 1696 3156 partem

382 3179 537 3254 requirens
560 3179 597 3237 ab
612 3178 752 3256 Augusto
774 3181 892 3239 demum
915 3191 1029 3241 mutata
1050 3184 1090 3240 sit
1112 3183 1273 3241 substituto
1297 3183 1422 3241 duarum
1436 3185 1564 3258 partium
1581 3199 1696 3242 numero.

384 3276 526 3340 Senatum
549 3281 719 3341 Romanum
746 3301 812 3342 cum
839 3293 955 3343 constet
981 3305 1017 3343 ne
1045 3285 1156 3344 liberae
1183 3285 1302 3361 quidem
1324 3286 1367 3344 rei
1389 3286 1527 3363 publicae
1548 3283 1696 3344 110101060-

384 3402 505 3442 cernere
527 3384 673 3460 potuisse,
702 3385 760 3443 nisi
783 3386 820 3443 ad
847 3406 1001 3445 nnmerum
1024 3395 1180 3446 senatores
1203 3393 1316 3460 essent,
1343 3388 1370 3445 is
1391 3406 1534 3446 numerus
1555 3388 1603 3466 qni
1622 3385 1698 3446 fuerit

383 3505 444 3542 non
472 3486 642 3561 constetl),
671 3488 727 3545 hac
753 3488 818 3564 lege
846 3488 955 3547 collata
981 3489 1135 3564 probabile
1162 3498 1208 3548 est
1233 3491 1375 3548 maiorem
1402 3497 1517 3568 partem
1545 3498 1696 3549 senatorum

383 3587 490 3646 adesse
512 3589 662 3661 debuisse,
684 3589 743 3648 nisi
765 3591 889 3666 speciali
910 3591 975 3668 lege
997 3592 1099 3669 aliqua
1121 3601 1172 3650 aut
1194 3591 1230 3651 de
1252 3593 1364 3650 maiore
1387 3601 1440 3651 aut
1460 3593 1497 3652 de
1517 3593 1626 3652 minore
1639 3609 1696 3649 cau·

382 3698 446 3748 turn
468 3699 558 3749 esset.

465 3793 579 3852 Eorum
602 3803 772 3853 senatorum
795 3796 847 3872 qui
870 3795 970 3854 adsint
991 3804 1025 3853 nt
1047 3797 1140 3855 maior
1162 3815 1232 3872 pars
1256 3799 1421 3856 consentiat
1443 3798 1613 3875 plerumque
1628 3793 1695 3854 sulli-

383 3894 430 3968 ca,
453 3895 585 3971 inquot
612 3897 726 3972 passim
750 3897 793 3973 (1,
810 3899 837 3956 a.
862 3898 895 3970 3,
912 3897 939 3956 a.
958 3900 1005 3958 19.
1029 3897 1174 3975 4‚1.1t)
1197 3900 1308 3958 arsere
1330 3900 1509 3959 enuntiatur.
1554 3884 1695 3973 stupco.

382 4017 449 4055 nem
472 3997 585 4057 faciunt
606 3999 665 4057 duo
689 3999 845 4076 capitade
867 4001 984 4078 hospite
1007 4002 1061 4077 (8,
1078 4001 1115 4077 5)
1139 4011 1325 4080 patronoque
1347 4003 1396 4078 (7,
1412 4003 1470 4078 44)
1494 4002 1638 4080 eligend03
1660 3998 1696 4056 ibi

382 4102 461 4159 enim
488 4119 547 4158 000
574 4111 688 4160 tantum
717 4111 750 4160 nt
776 4101 878 4160 adsint
906 4104 1000 4161 maior
1024 4122 1095 4180 pars
1118 4104 1231 4163 duasve
1253 4114 1354 4179 partes
1377 4106 1523 4182 exigitur,
1550 4102 1694 4164 sedetiam

383 4211 416 4260 ut
442 4210 487 4260 tot
508 4222 631 4262 numero
653 4205 850 4263 consentiant.
895 4207 951 4263 Per
971 4206 1104 4266 catellam
1125 4215 1158 4264 ut
1180 4205 1352 4282 suffragium
1373 4208 1496 4280 feratur,
1525 4219 1636 4266 cautum
1655 4213 1696 4260 est

383 4431 587 4440 ———-.-

459 4595 481 4656 ¹)
509 4597 615 4646 Henzen
630 4596 710 4647 6987.

457 4685 482 4749 ²)
511 4687 720 4741 Orelli-Heraea
741 4689 784 4741 75.
804 4693 885 4741 4052.
905 4691 990 4755 6986,
1018 4693 1079 4741 item
1101 4689 1174 4759 plebs
1197 4689 1297 4742 urbana
1323 4692 1417 4756 passim
1443 4691 1514 4753 (vide
1533 4693 1630 4742 Hersen
1645 4685 1693 4736 ind.

381 4795 407 4843 p.
423 4779 494 4841 150).

458 4869 482 4933 ³)
511 4874 572 4922 Vol.
583 4875 608 4924 V
621 4890 646 4923 n.
661 4875 731 4924 3341
748 4895 781 4916 =
795 4877 901 4926 Henzen
916 4877 996 4928 5591.

456 4962 482 5026 ⁴)
510 4965 664 5030 Marquardt
683 4965 926 5035 Stantsucrwultuuy
942 4971 966 5031 l,
981 4969 1043 5020 502.

458 5054 482 5118 ⁵)
509 5057 571 5123 Dig.
586 5058 629 5120 50,
645 5061 670 5120 9,
686 5060 711 5110 3.

458 5146 482 5210 ⁶)
510 5151 544 5200 V.
563 5165 655 5202 comm.
675 5167 759 5202 meum
779 5169 804 5218 p.
820 5155 886 5214 412;
906 5152 1061 5217 Marquardt
1079 5149 1324 5218 Stautrcerwaltrmq
1340 5155 1364 5213 1,
1379 5153 1441 5202 510.

458 5237 482 5303 ¹)
510 5241 611 5293 Eecker
628 5245 656 5294 iu
674 5245 771 5296 enchir.
787 5247 813 5308 2,
828 5247 853 5308 2,
868 5246 930 5296 436.
945 5247 1014 5308 441;
1034 5243 1186 5310 Marquardt
1203 5244 1238 5293 ib.
1259 5245 1284 5307 2,
1300 5243 1326 5307 3,
1340 5244 1401 5295 225.
