3530 5932
494 621 570 680 nux
588 627 669 684 con.
690 628 919 682 ennarrans.
1299 613 1369 683 107
1424 586 1427 594 Δ

66 802 235 878 longitudinis
255 802 392 879 aequalis
414 803 454 860 sit
476 813 565 879 atque
579 802 686 880 prima,
707 802 826 861 videtur
840 803 941 862 itidem
958 804 1046 862 tertia
1057 804 1119 862 fere
1134 805 1198 864 eius
1213 823 1284 883 pars
1299 814 1371 864 tem-

66 923 123 980 pore
140 905 246 964 recenti
268 904 388 963 demum
406 905 435 964 ui
458 904 565 963 avulsa
586 883 668 976 esse3
691 905 760 962 inde
781 906 858 964 hanc
879 914 992 982 partem
1016 925 1076 964 una
1096 925 1161 966 curu
1183 908 1308 984 reliquis
1326 927 1372 965 re·
1404 927 1412 970 ,·

66 1023 158 1082 partam
178 1025 246 1067 esse
268 1007 323 1066 sed
345 1007 434 1066 celari
456 1006 606 1066 conclusit
626 1006 778 1084 Berlanga
798 1007 1006 1085 probabiliter,
1030 1018 1061 1068 ut
1082 1026 1175 1086 supra
1196 1008 1268 1068 dixi.
1311 1009 1372 1068 Ta-

66 1109 135 1168 bulae
152 1110 241 1186 igitur
262 1127 367 1169 omnes
389 1109 520 1169 eiusdem
542 1109 604 1169 sere
626 1111 716 1169 etiam
740 1109 936 1186 longitudinis
958 1109 1096 1170 videntur
1116 1111 1225 1182 fuisse,
1252 1119 1286 1168 ut
1306 1111 1371 1169 alti·

66 1211 145 1270 tudine
168 1221 237 1271 sunt
264 1201 414 1289 aequales.
457 1211 564 1288 Margo
593 1231 658 1270 cum
686 1211 881 1272 foraminibus
905 1214 1054 1290 utrimque
1076 1214 1147 1272 olim
1170 1213 1371 1272 circumdatus

65 1324 87 1369 et
103 1333 135 1372 ex
154 1323 236 1392 parte
259 1324 397 1373 servatus
420 1311 507 1372 docet
528 1331 580 1372 eas
604 1313 828 1374 affixasfuisse
849 1316 956 1392 parieti
978 1316 1068 1374 alicui
1083 1317 1128 1374 ita
1140 1316 1204 1375 sine
1219 1315 1318 1388 dubio,
1340 1325 1373 1374 ut

64 1415 90 1471 dr
103 1415 183 1491 plano
202 1426 279 1476 recte
301 1417 357 1492 lapi
377 1425 515 1491 possent3
537 1416 619 1492 quod
640 1424 744 1475 notum
766 1426 814 1475 est
833 1417 943 1493 ubique
966 1419 1157 1478 observatum
1180 1435 1247 1476 esse
1261 1419 1292 1477 in
1307 1418 1372 1476 eius

64 1517 127 1574 modi
145 1519 251 1578 tabulis
272 1517 434 1594 inscriptis,
458 1536 536 1594 quae
557 1518 677 1594 publice
698 1519 872 1596 propositae
888 1530 980 1579 erant.
1013 1520 1150 1579 Tabulae
1165 1521 1254 1596 igitur
1269 1538 1373 1580 omnes

65 1628 156 1678 textum
176 1621 316 1680 ridentur
336 1621 520 1680 continuisse
541 1621 572 1680 in
591 1621 709 1697 paginis
726 1621 790 1680 sive
804 1622 951 1681 columnis
967 1624 1099 1700 quinque
1113 1624 1200 1681 iuxta
1214 1622 1372 1682 collocatis

63 1723 253 1798 perscriptum3
282 1732 315 1783 ut
335 1724 425 1781 etiam
447 1725 478 1782 in
502 1723 712 1800 antiquissima
733 1723 915 1782 voluminum
937 1725 1085 1800 scriptura
1106 1725 1170 1784 lieri
1192 1735 1293 1784 notum
1317 1735 1371 1784 est.

63 1823 146 1882 Prima
168 1825 356 1902 singulorum
383 1825 514 1904 capitum
534 1825 682 1884 vocabula
702 1844 819 1884 versum
846 1826 1005 1903 incipiunt,
1030 1828 1073 1884 ita
1098 1837 1131 1886 ut
1151 1826 1253 1903 paullo
1275 1828 1372 1902 magis

64 1926 86 1982 io
101 1929 256 2004 marginem
271 1938 447 2000 excurrant;
469 1928 517 1985 his
533 1928 731 1987 subscribitur
745 1929 853 2005 eapitis
866 1906 1022 1999 numerus}
1044 1928 1180 1986 rubricae
1193 1929 1292 1987 littera
1307 1927 1372 2004 (lc)

63 2044 186 2104 nusquam
211 2029 331 2089 adiecta
357 2037 411 2089 est
456 2028 532 2090 Cum
560 2031 713 2108 supersint
738 2031 838 2108 capita
858 2028 933 2090 XCI
956 2027 1089 2089 ad-CVI
1114 2031 1145 2088 in
1167 2031 1277 2089 tabulis
1299 2030 1372 2089 dua·

62 2129 105 2187 bus
129 2131 277 2207 prioribus
306 2140 336 2190 et
364 2133 465 2209 capita
493 2130 633 2192 CXXIII
661 2133 699 2191 ad
726 2130 894 2192 CXXXIV
920 2134 951 2191 in
977 2133 1081 2204 tertia,
1109 2132 1372 2208 interciderintque

62 2232 140 2307 capita
156 2232 288 2307 I-XC,
312 2232 577 2307 CVII—CXXII,
600 2232 753 2294 CXXXV
775 2242 805 2292 et
827 2235 991 2312 sequentia,
1017 2234 1170 2308 probabile
1192 2243 1238 2294 est
1258 2236 1289 2292 in
1311 2254 1373 2292 una
1437 2291 1445 2303 ,

62 2350 159 2410 quaqua
183 2336 288 2396 tabula
315 2336 483 2414 perscripta
508 2335 605 2396 fuisse
631 2337 731 2414 capita
756 2337 873 2396 circiter
894 2336 955 2395 XV
977 2337 1016 2396 ad
1036 2335 1115 2395 XVI
1141 2337 1173 2398 in
1199 2337 1297 2414 quinis
1323 2354 1372 2395 co-

61 2433 215 2510 lumniam
236 2445 319 2496 recte
341 2439 484 2516 exposuit
503 2437 664 2516 Berlanga.
703 2437 790 2511 Quod
813 2439 838 2498 si
860 2439 903 2497 ita
921 2438 986 2510 fuit,
1007 2439 1183 2499 interierunt
1203 2439 1264 2498 iere
1286 2439 1372 2497 tabu-

61 2536 97 2592 lae
115 2555 165 2598 sex
184 2541 313 2616 priores,
336 2549 454 2614 octava,
477 2559 574 2600 nonae
595 2557 667 2618 pars
689 2541 791 2613 tertia3
821 2549 958 2600 servatae
980 2549 1050 2599 sunt
1071 2543 1200 2618 septima
1223 2550 1253 2600 et
1274 2559 1371 2600 nonae

63 2648 146 2712 partes
166 2642 242 2702 duae
263 2643 391 2719 priores.
434 2643 471 2701 In
492 2645 552 2702 fine
572 2662 632 2702 non
654 2643 780 2701 multum
803 2644 909 2703 deesse
930 2643 1084 2720 probabile
1106 2657 1161 2702 est.

126 2742 272 2821 Exempla
294 2745 486 2824 lithograpba
507 2745 692 2822 aBerlauga
712 2745 824 2804 utiliter
845 2745 961 2804 adiecta
980 2745 1105 2804 intuenti
1128 2745 1228 2804 statim
1251 2745 1371 2804 demon-

61 2855 140 2903 strant
159 2846 339 2925 scripturam
360 2847 449 2906 buius
470 2847 562 2924 legis,
589 2866 679 2924 quam
702 2867 728 2905 a.
746 2847 807 2906 710
827 2847 919 2906 latam
941 2866 1009 2906 esse
1031 2855 1161 2920 constat,
1184 2865 1307 2925 prorsus
1329 2848 1372 2906 di·

63 2963 159 3005 reusam
185 2966 255 3008 esse
281 2969 300 3008 a
321 2947 520 3009 Caesarianae
546 2949 652 3008 aetatis
678 2949 862 3021 litteratura,
888 2967 978 3026 quam
1003 2950 1103 3026 qualis
1123 2950 1215 3008 fuerit
1234 2951 1371 3009 novimus

61 3066 91 3104 er
108 3050 176 3126 legis
197 3051 296 3110 Iuliae
318 3051 507 3127 municipalis
529 3070 555 3109 a.
572 3050 632 3111 709
654 3051 801 3127 reliqniis,
822 3069 899 3128 quas
921 3051 1080 3112 Ritschelii
1094 3052 1130 3112 P.
1145 3051 1181 3111 L.
1197 3052 1238 3111 M.
1260 3052 1370 3112 tabulis

61 3148 182 3211 XXXIII
201 3165 233 3213 et
253 3153 396 3212 XXXIV
419 3153 569 3212 exhibent
614 3151 736 3213 Scilicet
760 3154 831 3212 illae
856 3153 972 3213 litterae
993 3155 1104 3214 habent
1124 3172 1242 3214 crassas
1263 3156 1371 3214 breves

63 3254 220 3326 quadratas,
249 3271 266 3312 s
288 3264 365 3314 etro
389 3257 580 3333 potissimum
606 3255 720 3315 formae
747 3256 866 3314 aliunde
891 3265 981 3315 notae
1007 3258 1202 3334 antiquioris,
1229 3272 1252 3316 0
1280 3274 1371 3334 saepe

60 3353 165 3431 reliquis
185 3359 348 3430 minorem,
374 3357 495 3417 omnino
518 3358 696 3435 scripturam
717 3357 883 3435 simplicem
904 3365 935 3416 et
955 3359 1045 3418 rectis
1067 3368 1181 3418 tantum
1203 3359 1288 3418 lineis
1311 3358 1372 3418 alte

60 3453 146 3516 incisis
171 3459 345 3532 formatam,
373 3460 509 3537 apicibus
537 3459 627 3518 nullis
656 3459 822 3520 litterarum
848 3461 1033 3539 singularum
1061 3459 1171 3537 (veluti
1196 3462 1227 3519 iu
1253 3479 1274 3518 a
1302 3479 1328 3519 ro
1354 3476 1371 3518 s

60 3567 82 3612 et
97 3559 254 3638 similibus)
276 3581 332 3621 nec
353 3563 450 3639 magis
472 3562 534 3620 ulla
553 3562 634 3620 linea
654 3568 745 3634 rectu,
766 3561 859 3620 veluti
880 3564 912 3621 in
934 3577 999 3634 Qu
1020 3562 1049 3634 ir,
1071 3563 1102 3620 in
1124 3581 1246 3622 curvam
1260 3563 1369 3624 lineam

60 3658 167 3720 deflexa
218 3667 259 3722 At
289 3665 322 3722 in
355 3664 467 3723 tabulis
496 3663 722 3724 Ursonensibus
750 3663 861 3722 indicia
889 3664 963 3724 haec
990 3665 1057 3722 aevi
1085 3665 1233 3741 sequioris
1263 3665 1373 3724 adsunt

59 3763 154 3836 amnia,
180 3773 269 3842 atque
296 3766 327 3824 in
349 3767 487 3825 omnibns
509 3766 721 3843 aequabiliter;
748 3784 930 3844 quamquam
952 3764 1070 3826 tabulae
1092 3768 1198 3827 tertiae
1224 3768 1373 3844 scriptura

59 3861 223 3940 reliquarum
246 3868 345 3927 minor
370 3879 401 3926 et
427 3869 523 3946 magis
549 3886 723 3945 compressa
749 3869 827 3928 alius
852 3867 990 3927 incisoria
1016 3888 1137 3928 manum
1163 3887 1235 3946 prae
1261 3885 1294 3928 aa
1314 3869 1372 3929 fert

59 3973 131 4040 atqm
158 3969 271 4046 primae
298 3979 328 4028 et
354 3969 517 4041 secundae,
548 3989 625 4047 quae
653 3989 714 4030 una
739 3971 806 4030 fuit.
858 3968 1007 4030 Convenit
1035 3978 1132 4030 autern
1161 3971 1199 4031 ad
1227 3972 1371 4030 amussim
1480 4023 1483 4033 ι

59 4063 118 4124 haec
136 4069 315 4142 litteratura,
342 4089 419 4148 quae
440 4071 587 4132 elementa
608 4073 728 4132 exhibet
750 4073 852 4132 tenuia
872 4073 935 4132 alta
955 4072 1159 4149 longiuscula,
1182 4073 1319 4149 apicibus
1341 4082 1372 4132 et

58 4172 260 4233 certationibus
290 4184 410 4245 ornata,
439 4193 506 4232 cum
535 4175 634 4251 legum
662 4173 836 4234 Flauiorum
864 4174 1028 4252 scriptura,
1058 4175 1176 4252 qualem
1205 4175 1371 4251 Berlangae

58 4267 186 4346 imagines
212 4277 316 4334 eodem
342 4286 431 4352 atqua
458 4277 621 4355 archetypa
642 4276 764 4336 modulo
783 4277 934 4353 lapidibus
956 4276 1071 4336 incisae
1092 4287 1268 4336 monstrant.
1311 4276 1370 4336 Ita·

58 4387 104 4444 qae
127 4375 204 4450 quod
230 4385 259 4436 et
285 4397 324 4436 ex
348 4378 437 4436 rebus
460 4388 490 4437 et
512 4397 550 4437 ex
572 4395 708 4438 sermone
731 4380 934 4439 Mommsenus
956 4377 1034 4436 infra
1054 4378 1271 4438 demonstravit
1291 4397 1371 4437 com·
1414 4453 1418 4465 ι

58 4473 184 4547 probatur
205 4479 274 4538 item
296 4480 394 4540 torma
413 4479 589 4553 litterarum,
611 4481 726 4541 seilicet
746 4482 864 4557 publice
884 4480 1069 4558 propositam
1091 4498 1158 4541 esse
1179 4481 1256 4539 hanc
1274 4467 1370 4559 legem

58 4573 148 4636 Iuliam
170 4598 231 4638 nou
249 4600 286 4641 eo
307 4601 368 4658 quo
389 4582 452 4642 lata
472 4589 518 4642 est
539 4592 682 4660 ternpore,
705 4583 758 4642 sed
780 4583 900 4644 saeculo
921 4583 984 4642 lere
1006 4583 1103 4661 primo
1125 4592 1261 4643 exeunte.

1072 4721 1156 4781 Aru.
1179 4719 1326 4781 Huiansa.
