3530 5932
506 582 582 632 nux
600 581 681 634 coo.
704 581 931 633 enusrivsn.
1315 555 1382 626 137
1488 565 1491 572 ’

1233 677 1384 686 ———-—-

72 755 102 814 ds
125 755 248 813 decretis
276 755 330 826 iis,
357 754 465 830 quibus
492 757 611 833 patroni
637 755 833 832 hospitesque
858 756 934 815 fiunt
960 755 1013 830 (3,
1037 754 1083 813 18.
1109 754 1136 826 7,
1155 755 1205 812 44.
1229 752 1264 821 8,
1285 751 1332 825 5);
1358 748 1389 805 id

73 856 141 932 quod
167 856 204 915 de
230 856 335 917 eadem
360 876 395 915 re
420 857 498 934 legis
520 858 721 917 Malacitauae
748 876 773 917 c.
792 857 869 917 LXI
893 857 1115 935 praescribitur.
1160 852 1250 929 Quod
1272 851 1391 910 additur

72 959 166 1017 ibidem
193 958 370 1018 decuriones
392 959 429 1018 de
451 979 487 1019 ea
506 980 540 1020 re
561 961 739 1020 senteutiam
761 960 839 1021 serre
862 968 1001 1038 oportere
1023 961 1151 1033 iuratos,
1180 958 1232 1016 lex
1254 953 1391 1015 coloniae

74 1057 225 1121 Genetiiae
246 1080 308 1122 nou
329 1062 431 1122 habet.
595 1137 597 1140 .

143 1163 345 1224 Decurionnm
368 1165 496 1225 decretis
518 1185 577 1226 non
598 1167 698 1226 solum
718 1167 750 1225 iu
773 1166 861 1226 certis
883 1166 1061 1243 quibusdam
1083 1163 1212 1242 negotiis
1235 1161 1390 1238 magistra·
1404 1166 1533 1242 Decurio-

72 1267 107 1324 tui
126 1285 199 1344 opus
221 1277 283 1342 est,
306 1268 359 1328 sed
379 1278 534 1347 praeterea
554 1288 578 1328 o.
595 1267 735 1328 CXXIX
757 1269 833 1346 legis
855 1268 899 1345 (7,
915 1266 1062 1346 32-38)
1085 1267 1116 1325 in
1138 1268 1310 1324 universum
1331 1281 1392 1321 mu·
1411 1241 1531 1367 2355stAE

73 1369 202 1444 gistrmus
230 1371 410 1448 quicumque
437 1381 508 1431 sunt
531 1372 663 1448 itemque
686 1371 861 1432 decuriones
884 1371 993 1450 singuli
1016 1371 1055 1429 iis
1077 1369 1227 1446 dilipmter
1243 1385 1349 1444 parere
1371 1374 1540 1455 κωπίω,

74 1472 250 1549 obtemperare
270 1473 409 1533 iubentur
431 1474 534 1534 addita
555 1475 651 1534 multa
671 1475 842 1534 sestertium
864 1473 973 1534 denum
995 1473 1111 1532 milium
1133 1471 1165 1531 in
1178 1489 1228 1530 res
1250 1469 1394 1548 singulas,
1427 1472 1468 1513 tus
1482 1469 1517 1512 le·
1540 1558 1542 1562 Ι

74 1575 94 1632 si
113 1575 176 1652 quis
196 1576 240 1634 ita
265 1593 326 1634 non
347 1575 463 1636 iecerit.
508 1575 598 1650 Quod
624 1577 668 1636 ita
692 1578 858 1636 obtinuisse
888 1584 976 1636 antea
1002 1576 1223 1654 ignorabamus.
1266 1571 1332 1632 Nec
1358 1571 1395 1628 ab
1421 1544 1530 1588 neentur

74 1676 104 1734 iis
128 1677 177 1754 qui
204 1697 304 1738 rerum
326 1679 531 1739 Romanarum
559 1688 670 1738 statum
692 1681 811 1756 penitus
832 1697 1014 1758 cognoscere
1036 1679 1159 1756 cupiunt
1179 1675 1397 1754 neglegendum

75 1789 114 1838 est
133 1780 178 1838 vel
203 1781 349 1841 dictatore
371 1780 504 1842 Caesare
531 1782 743 1842 decurionibus
764 1782 794 1842 id
817 1782 865 1842 ius
888 1782 1032 1842 adversus
1053 1780 1245 1858 magistratus
1267 1780 1332 1856 lege
1354 1777 1396 1837 di·

76 1893 143 1942 serte
163 1883 372 1943 confirmatum
393 1903 470 1945 esse.

147 1984 281 2068 Causae,
309 1995 432 2065 propter
459 2006 533 2065 quas
560 1987 755 2068 magistratus
778 1987 952 2048 decuriones
975 1987 1131 2047 consulere
1153 1988 1209 2045 hac
1229 1986 1297 2064 lege
1317 1984 1399 2043 iube·
1469 1989 1471 1995 '

77 2097 126 2160 tur,
145 2089 200 2148 hae
223 2097 304 2148 suut.

151 2194 175 2251 1.
211 2191 261 2251 De
283 2191 448 2251 munitione
470 2194 645 2252 colonorum
666 2193 892 2272 incolarumque
913 2193 1063 2270 quomodo
1087 2193 1248 2251 decernant
1266 2190 1398 2250 decurio-

78 2313 130 2365 nes,
151 2311 242 2373 supra
262 2315 293 2374 p.
311 2293 369 2354 127
393 2295 530 2355 vidimus.

151 2397 178 2456 2.
214 2397 264 2456 De
285 2399 437 2458 armandis
459 2399 497 2458 ob
520 2398 722 2460 incursionem
744 2398 883 2458 hostilem
905 2399 1020 2458 colonis
1044 2398 1201 2459 decernere
1224 2397 1399 2456 decuriones

79 2500 138 2558 item
159 2517 251 2578 supra
273 2519 303 2576 p.
322 2500 380 2559 126
403 2500 540 2561 vidimus.

151 2601 179 2660 3.
215 2603 380 2679 Magistros
402 2603 541 2662 fanornm
564 2623 582 2664 a
603 2604 738 2664 duoviris
761 2605 903 2664 constitui
925 2622 1085 2681 eorumque
1108 2621 1194 2662 sacra
1213 2601 1345 2662 ordinari
1361 2621 1400 2661 ex

79 2700 260 2762 decurionum
283 2705 402 2765 decreto
424 2705 555 2765 vidimus
577 2727 607 2784 p.
626 2705 694 2766 128.

151 2809 181 2866 4.
216 2806 314 2867 Ludis
342 2808 518 2868 decuriones
544 2817 574 2867 et
595 2809 664 2869 aliis
691 2809 871 2885 quibusdam
898 2809 1034 2892 personis
1060 2810 1244 2887 permittere,
1271 2819 1303 2868 ut
1324 2809 1402 2866 inter

80 2907 152 2982 ipsos
180 2919 329 2987 spectent,
360 2923 390 2970 et
419 2911 565 2971 scoenicis
594 2921 673 2971 certe
703 2912 855 2973 domiuum
882 2913 1020 2972 ludorum
1047 2912 1114 2972 loca
1142 2913 1286 2972 arbitratu
1314 2912 1402 2970 decu-

80 3009 186 3070 sunum
207 3012 401 3072 distribuisse
423 3014 551 3073 unimus
573 3033 603 3091 p.
613 2995 689 3073 iso

153 3116 181 3174 5.
220 3113 369 3175 Patronus
392 3117 585 3194 hospitesque
608 3117 742 3177 coloniae
764 3118 915 3195 quomodo
938 3119 1117 3196 adoptentur
1139 3117 1333 3177 decurionum
1354 3117 1402 3174 de·

80 3223 160 3286 emto,
181 3217 260 3276 infra
280 3237 310 3296 p.
329 3217 387 3276 146
410 3228 574 3279 enarratur.
1220 3223 1222 3230 ’

154 3319 182 3377 6.
217 3319 266 3378 De
282 3320 482 3399 legationibus
497 3321 618 3398 publice
632 3322 784 3382 mittendis
799 3342 876 3400 quae
891 3331 1034 3384 caventur
1056 3343 1080 3382 o.
1096 3321 1190 3382 XCII
1212 3321 1257 3398 (1,
1275 3320 1400 3397 1-18)‚
1421 3336 1539 3400 Legatio-

80 3419 171 3479 omnia
196 3429 267 3481 nota
290 3433 373 3496 suut3
401 3425 490 3483 etiam
514 3424 550 3482 de
572 3425 637 3484 iure
658 3426 750 3504 legati
772 3426 915 3486 vicarium
937 3425 1027 3484 dandi
1049 3424 1234 3502 Papinianus
1246 3424 1289 3500 ¹):
1317 3423 1401 3483 Vico·
1458 3424 1503 3460 ¹¹⁶⁸

80 3525 142 3593 risa,
163 3523 269 3602 inquit,
292 3526 381 3584 alieni
401 3531 524 3586 muueris
545 3527 689 3587 uoluntate
710 3548 764 3588 soa
786 3532 870 3588 dctus
893 3530 991 3587 ordine
1013 3547 1064 3588 suo
1081 3528 1246 3604 legationem
1260 3530 1405 3602 erumpere

165 3631 285 3704 eopimr.
322 3625 412 3701 Quod
435 3635 533 3688 autem
555 3629 628 3688 alibi
649 3625 796 3707 legitur²)
819 3632 949 3708 legatum
972 3631 1115 3690 vicarium
1137 3630 1209 3688 dare
1231 3647 1289 3688 non
1311 3645 1403 3707 posse

80 3725 130 3784 uisi
151 3727 244 3788 lilium
267 3747 366 3801 suum,
386 3730 430 3788 ita
452 3730 570 3790 videtur
591 3732 799 3809 accipiendum
821 3752 886 3794 esse
905 3751 996 3812 posse
1011 3752 1077 3792 eum
1093 3733 1183 3791 alium
1199 3749 1317 3809 quoque
1332 3729 1403 3790 dare

80 3832 315 3906 consentientem,
337 3833 370 3891 in
391 3833 453 3890 lilio
476 3851 531 3892 suo
555 3851 733 3894 consensum
755 3855 815 3895 non
835 3837 955 3913 requiri.

155 3933 183 3992 7.
232 3935 281 3993 Ad
313 3953 408 4012 aquas
438 3936 575 4013 publicas
607 3937 687 4012 quod
716 3939 822 3997 attinet
848 3939 1022 3998 decuriones
1049 3957 1114 3997 cum
1145 3938 1320 4010 decernunt,
1350 3954 1404 4013 per
1448 3947 1517 3996 cera

78 4049 146 4106 quos
173 4053 262 4114 agros
287 4039 435 4098 ducantur
456 4037 496 4114 (c.
511 4036 669 4097 xovnn
691 4041 723 4112 3,
740 4040 868 4114 37-4,
885 4040 937 4117 8),
964 4051 1027 4100 tum
1049 4058 1159 4117 aquam
1181 4041 1321 4098 caducam
1344 4037 1402 4114 pri·
1422 4036 1547 4087 aquarum

79 4145 141 4194 vato
165 4141 279 4215 petenti
306 4141 474 4198 concedunt
500 4139 581 4215 (cO
604 4141 638 4212 4,
654 4141 786 4220 9-16).
831 4141 907 4203 Cum
930 4143 982 4203 illo
1004 4144 1101 4220 capite
1124 4142 1336 4201 conferendum
1358 4148 1405 4198 est

78 4240 152 4312 qnod
180 4241 286 4301 scribit
312 4241 477 4301 Frontinus
506 4243 542 4300 de
571 4243 657 4320 aquis
687 4262 713 4303 c.
738 4243 812 4304 128:
845 4248 966 4304 maiores
994 4249 1085 4304 notui
1111 4243 1279 4303 admirabili
1307 4246 1405 4319 aequi·

79 4347 129 4400 tute
148 4362 184 4402 ua
206 4363 241 4403 cu
261 4345 373 4420 quidem
396 4348 560 4421 eripuerisne
579 4348 703 4422 puratis
725 4365 799 4423 quus
821 4349 862 4407 od
881 4350 994 4407 modum
1011 4346 1197 4425 pullicum)
1216 4346 1405 4423 pertinebant,

79 4444 124 4500 sed
143 4464 208 4503 cum
237 4465 329 4523 aquas
352 4449 556 4524 perducerent,
584 4449 610 4508 si
635 4449 782 4525 difficilior
800 4469 953 4526 possessor
973 4454 1106 4527 inportu
1126 4450 1279 4532 vendanda
1294 4449 1405 4524 suerat,

76 4563 126 4620 pru
153 4555 209 4607 toto
237 4567 307 4624 upra
330 4553 483 4625 pecuniam
509 4551 666 4610 intulerunt
690 4561 716 4610 et
737 4563 804 4627 post
828 4553 1013 4612 determinata
1034 4555 1198 4612 necessario
1221 4551 1285 4610 loco
1305 4568 1407 4607 rursus

80 4664 133 4706 tune
158 4669 265 4726 aprum
288 4653 484 4712 uendiderunt.
526 4652 676 4713 Videntur
703 4653 804 4731 itaque
830 4654 913 4733 leges
939 4655 976 4714 de
1003 4673 1039 4714 ca
1065 4655 1197 4714 relatae
1219 4651 1407 4713 curatoribus

151 4993 174 5056 ¹)
202 4993 269 5060 Dig.
281 4995 324 5060 io,
342 4997 384 5058 is,
400 4997 434 5046 14
449 4993 518 5061 [131.

149 5082 175 5148 ’l
202 5087 270 5152 Dig.
282 5088 325 5149 to,
341 5085 480 5153 16,5[4],
495 5091 521 5140 4.

150 5175 176 5239 ⁸)
206 5177 266 5242 [Ad
286 5179 387 5231 ductum
406 5181 554 5246 publicum?
590 5179 721 5246 Histrum]
