3530 5932
354 509 699 562 connnnnfflonns
718 491 996 563 nmonnnnionn
1015 511 1117 566 onos.
1327 498 1398 568 175

990 616 1398 630 —---.--.-....-.......—..

89 684 134 745 ³5.
170 685 269 742 Rubro
291 684 392 742 oolore
415 683 497 760 piota
521 683 553 742 in
574 683 665 741 tofino
687 685 801 760 pariete
823 684 929 744 dextno
951 687 1093 746 vestibuli
1115 689 1222 749 domus
1244 693 1348 750 otrodo
1369 693 1400 751 di

120 787 251 846 Mercurii
270 806 298 845 n.
314 785 370 844 37:

423 921 525 995 Sfflru
638 967 640 970 ·
782 933 899 1026 Σκίρων,
922 935 1084 1030 (taalenu).

155 1128 322 1189 Delineavit
352 1129 390 1188 R.
417 1128 561 1190 Schoene.
612 1129 702 1190 Skiru
734 1129 851 1189 videtur
883 1129 967 1190 Osco
996 1131 1094 1192 formo
1125 1131 1235 1193 Graeci
1267 1137 1396 1200 nominis

85 1225 215 1314 Σκίρων,
250 1252 269 1290 n
294 1231 395 1291 littera
421 1232 537 1292 abieoto
566 1241 598 1290 ut
630 1231 882 1292 nominativorum
903 1233 1080 1294 Latinorum
1101 1235 1203 1309 Philo,
1236 1235 1319 1298 Chilo
1340 1260 1396 1317 pro

85 1334 194 1394 Graecis
213 1325 336 1404 Φίλων,
356 1326 500 1394 Χείλων.

83 1653 127 1712 36.
165 1654 268 1712 Rubro
290 1653 390 1714 colore
410 1653 491 1731 picta
511 1654 543 1711 in
565 1651 739 1712 occidentali
763 1661 848 1730 parto
869 1654 988 1714 aedium
1011 1658 1101 1715 vicolo
1123 1658 1153 1716 di
1166 1657 1339 1730 numantia,
1362 1661 1394 1717 in

115 1756 168 1832 pilo
187 1757 304 1814 tofacea
326 1757 449 1815 sinistra
469 1756 550 1829 ostii,
573 1756 651 1832 quod
674 1765 812 1833 quartum
826 1768 950 1834 apparet
972 1762 1070 1818 avico
1093 1760 1171 1836 deqlt
1192 1761 1324 1820 ooteletri
1346 1781 1393 1820 ve-

114 1858 267 1918 aientibus:

655 1998 739 2068 rnt:
754 1992 792 2069 ni

148 2221 334 2280 Delioentom
355 2221 451 2279 habeo
473 2240 492 2279 o
513 2221 550 2280 R.
567 2217 710 2282 Schoeno.

82 2536 127 2597 ot.
164 2539 265 2599 Rubro
289 2542 388 2600 colore
410 2541 491 2618 picta
512 2540 542 2599 in
565 2541 627 2599 tuso
649 2541 774 2617 parietis
797 2541 915 2600 aedium
942 2541 973 2601 in
995 2543 1096 2600 otrodo
1117 2541 1391 2602 dell’Atbondoozo

113 2661 137 2699 o.
150 2645 200 2702 15:

681 2745 733 2814 ΙΙΙΙ
753 2744 757 2835 Ι
774 2769 797 2815 n

147 2900 317 2961 Delinoavit
337 2902 373 2962 Β,
391 2899 537 2962 Sohoenn.

83 3209 126 3268 ³8.
162 3215 264 3276 Rubro
291 3216 394 3275 coloro
420 3217 501 3292 picto
524 3217 555 3274 in
582 3216 696 3293 pariete
722 3217 840 3276 tofooeo
867 3215 974 3274 domus
1000 3215 1031 3275 in
1059 3216 1161 3274 otrodo
1188 3215 1255 3274 doll’
1271 3215 1387 3276 Abbou-

113 3317 193 3376 donzo
212 3338 241 3378 o.
256 3320 293 3378 16
298 3341 308 3376 .·

694 3478 755 3526 m.

716 3571 721 3674 Ι

146 3731 311 3794 Delineavit
331 3734 370 3793 R.
387 3732 533 3795 Schoene.

80 3936 123 3998 32.
161 3943 294 4022 Graphio
317 3953 442 4004 exorata
462 3947 493 4004 in
515 3945 630 4022 pariete
652 3945 721 4002 atrii
743 3943 865 4003 sinistro
888 3941 1006 4001 aedium
1029 3939 1134 4018 Cuspii
1160 3943 1189 3999 in
1212 3945 1316 4002 otrodo
1338 3946 1384 4002 dei

110 4043 272 4106 Diadumeni
293 4047 411 4125 (otrodo
431 4048 478 4106 del
500 4047 736 4124 aofiteo'tro10):

411 4219 547 4294 sobints
875 4237 1024 4299 sabinius.

143 4412 326 4475 Delineatam
350 4416 431 4474 misit
451 4415 487 4473 R.
511 4413 653 4475 Schoene.
697 4414 753 4474 Ed.
776 4413 914 4485 schoeno,
937 4412 1019 4470 Boll.
1042 4413 1070 4468 d.
1091 4413 1163 4471 Inst.
1187 4431 1215 4471 o.
1231 4411 1268 4470 R.
1288 4411 1380 4485 1867,

78 4529 101 4582 1)-
113 4515 154 4572 43-
194 4519 335 4588 Fatum,
361 4517 393 4577 C.
409 4518 434 4575 I.
452 4518 519 4575 Ital.
542 4537 570 4574 n.
593 4517 692 4586 2822,
717 4517 793 4575 unde
814 4515 957 4585 Bhtderio,
980 4514 1124 4572 Formenl.
1148 4515 1198 4572 der
1223 4513 1292 4573 Osk.
1309 4512 1380 4591 Spr.

80 4609 210 4692 XXXIX,
232 4623 270 4690 53
300 4622 517 4696 Zonqemointer‚
539 4620 631 4678 Inoor.
649 4638 720 4696 par.
736 4619 834 4695 Pomp.
861 4615 894 4675 C.
909 4619 936 4676 1.
954 4615 1024 4674 Lot.
1041 4615 1101 4686 IV,
1124 4614 1220 4686 2395,
1241 4626 1298 4674 not.
1343 4617 1381 4676 In

81 4713 165 4777 iisdem
184 4723 304 4782 oedibus
325 4722 433 4781 Latine
455 4722 598 4800 scriptum
619 4722 742 4802 legitur:
765 4720 866 4780 scribet
889 4719 1014 4778 Sabinus
1037 4715 1071 4793 (l.
1090 4737 1115 4776 o.
1137 4736 1166 4774 o.
1184 4715 1290 4793 2395).

81 4921 126 4980 4⁰·
161 4928 195 4988 In
224 4933 339 5009 pariete
370 4941 475 5008 portae
501 4931 639 4991 Nolonao
667 4929 892 5007 septentrionali
923 4927 1048 5006 graphio
1075 4935 1200 4986 exarata
1230 4927 1261 4985 in
1290 4946 1380 5006 opere

112 5031 234 5090 tectorio:

408 5168 523 5243 arkiia
909 5177 1034 5272 Αρχιάς.
1057 5251 1062 5262 ,
