3530 5932
488 575 563 626 aar
582 575 664 626 coa.
686 572 913 627 asuarrvss.
1020 656 1023 670 Ι
1294 561 1361 632 131

59 754 115 812 urbe
139 771 164 810 a.
187 771 216 810 u.
237 771 263 810 c.
286 750 347 811 560
374 758 540 810 senatores.
555 769 615 809 non
644 751 743 810 solum
770 751 942 828 promiscue
970 761 1107 829 spectare
1136 752 1281 827 desiisse,
1313 756 1366 818 sed

59 857 132 916 eliam
151 864 260 914 statrnn
281 855 313 914 in
335 855 451 914 theatro
472 855 571 914 locum
593 854 777 912 orchestram
799 855 950 931 accepisse
961 854 1001 930 1),
1022 856 1113 932 plane
1130 865 1162 914 ut
1176 857 1232 916 hac
1248 876 1366 935 quoque

57 960 106 1035 lege
131 966 260 1017 caretas.
305 955 409 1017 Simile
437 958 485 1016 ius
514 957 664 1035 equitibus
691 973 809 1032 quoque
834 956 931 1016 fuisse
956 975 1012 1015 nec
1039 958 1113 1016 haec
1141 959 1192 1018 lex
1219 960 1368 1039 significat

58 1080 135 1138 neque
154 1059 235 1118 Iulis
260 1059 464 1138 municipalis,
490 1076 587 1135 neque
615 1058 696 1118 aliud
722 1058 786 1118 eius
812 1059 885 1118 iuris
911 1068 998 1118 extra
1020 1061 1121 1120 urbem
1143 1064 1301 1139 propagati
1322 1063 1367 1120 in-

57 1163 147 1222 dicium
174 1163 269 1222 ullum
290 1162 424 1238 repperi,
452 1170 582 1239 atquae
605 1160 642 1220 de
663 1181 700 1221 ea
719 1180 752 1219 re
773 1161 854 1239 leges
876 1161 953 1222 latae
976 1169 1059 1236 sunt,
1086 1163 1124 1222 ud
1146 1165 1242 1224 solam
1263 1165 1366 1224 urbem

58 1265 220 1343 pertinuisse
242 1265 409 1324 videantur.

121 1367 163 1428 Ut
187 1367 224 1426 de
250 1367 315 1426 iure
341 1353 544 1426 decurionum
560 1386 620 1427 non
647 1368 816 1446 promiscue
841 1367 995 1444 spectandi
1016 1369 1187 1444 quaealibi
1209 1371 1367 1430 traduntur
1394 1373 1493 1459 Quibus

1398 1463 1437 1497 lus
1451 1457 1483 1496 Sll

1378 1523 1510 1586 spectandi

56 1579 156 1648 praeter
176 1573 260 1650 ipsos
282 1573 457 1632 decuriones
479 1575 517 1632 ad
540 1574 605 1632 eius
627 1573 700 1632 iuris
722 1574 956 1632 communionem
973 1571 1113 1634 Caesaris
1136 1574 1250 1635 scilicet
1267 1585 1365 1636 aetate
1381 1597 1448 1645 inter
1461 1596 1505 1644 de-

56 1675 269 1734 admitterentur.
314 1673 391 1737 Sunt
412 1684 510 1735 autem
531 1675 571 1734 hi.
1381 1670 1498 1720 ffli⁰¹¹⁹⁵

125 1780 151 1836 1.
186 1779 382 1856 Magistratus
403 1797 498 1856 prove
518 1777 695 1855 magistratu
718 1777 853 1838 coloniae
874 1778 925 1855 qui
948 1778 1018 1850 sint,
1038 1789 1072 1838 ut
1092 1781 1122 1836 in
1144 1781 1227 1839 curia
1246 1781 1364 1856 adsunt,

56 1879 110 1938 licet
128 1880 187 1958 ipsi
207 1890 362 1940 senatores
385 1900 444 1940 non
467 1881 536 1952 sint,
558 1881 602 1939 ita
621 1878 653 1940 in
674 1880 790 1938 theatro
811 1898 930 1958 quoque
952 1882 1139 1942 senatoribus
1159 1901 1212 1944 eos
1228 1883 1364 1944 adsidere

56 1981 93 2040 ler
110 1991 193 2040 cavet
214 1984 243 2056 6,
263 1983 403 2042 13—17:
427 1987 509 2060 quiue
530 1994 587 2058 mm
607 1985 794 2060 mapistratus
815 1987 964 2060 imperium
981 1994 1181 2061 potestatemve
1202 1987 1365 2046 colonorum

56 2086 175 2160 suffrapia
193 2095 272 2162 peret
298 2089 433 2162 iussuque
454 2085 485 2146 0.
512 2087 646 2146 Caesaris
674 2087 823 2146 dictatoris
849 2087 974 2146 causalis
997 2106 1089 2163 proce
1110 2089 1224 2148 consule
1244 2089 1365 2162 lababit,

57 1471 116 1528 laec
139 1470 187 1528 lex
213 1470 370 1529 confirmat
395 1478 425 1528 et
450 1470 596 1544 illustrat,
625 1471 668 1530 ita
688 1471 816 1547 primurn
837 1471 1006 1530 accuratius
1029 1471 1219 1544 determinat,
1245 1474 1365 1550 quinam

57 2211 120 2279 putas
135 2225 192 2283 pra
215 2227 271 2282 quo
293 2210 410 2283 imperio
429 2217 567 2284 potestate
589 2217 645 2266 tum
667 2211 697 2266 iu
718 2207 831 2266 colonia
857 2207 994 2267 Genetiva
1015 2211 1077 2267 erit.
1116 2210 1153 2268 ln
1175 2212 1249 2270 urbe
1271 2213 1364 2289 mugi-

57 2309 179 2367 stratibus
201 2317 262 2367 tam
284 2310 316 2368 in
337 2309 416 2368 circo
438 2328 526 2386 quam
549 2311 580 2368 in
602 2311 719 2369 theatro
741 2329 797 2369 sna
819 2310 885 2370 loca
906 2306 1046 2388 aranti),
1074 2329 1150 2388 quae
1172 2313 1365 2374 decurionum

56 2409 116 2468 locis
134 2412 350 2488 comprehensa
372 2412 466 2472 luisse
487 2412 547 2470 iam
569 2413 757 2492 intellegitur.

121 2513 148 2571 2.
192 2513 310 2590 Quibus
339 2514 532 2574 decurionum
559 2515 678 2574 decreto
706 2515 792 2574 locus
820 2516 909 2574 datus
936 2526 983 2576 est
1007 2519 1084 2577 inter
1111 2518 1286 2578 decuriones
1314 2519 1363 2596 (6,

59 2613 189 2692 17-19),
216 2616 237 2674 ii
263 2615 325 2675 lere
353 2628 432 2686 sunt,
460 2617 568 2694 quibus
594 2626 769 2677 ornamenta
796 2618 999 2679 decurionulia
1024 2620 1095 2679 data
1117 2621 1257 2680 relictoue
1284 2631 1363 2695 sunt,

57 2735 109 2775 nsm
133 2719 210 2778 inter
236 2739 274 2777 ea
292 2715 388 2778 ‘locus
410 2721 579 2779 senatorius
602 2717 704 2792 ludis’,
730 2729 763 2779 ut
784 2718 890 2780 Cicero
900 2721 930 2798 ³)
953 2723 1007 2796 ait,
1035 2701 1099 2781 sive
1119 2718 1304 2784 ‘consessus'
1326 2728 1364 2785 ab

56 2819 139 2878 ordine
159 2821 259 2893 datus,
281 2829 314 2879 ut
335 2829 382 2881 est
401 2823 434 2881 in
455 2822 542 2881 titulo
563 2821 830 2900 Lugudunensi4),
853 2823 901 2882 vcl
922 2815 1114 2902 p'raecipuum
1136 2836 1192 2885 est.

121 2923 148 2980 3.
197 2921 337 2985 Senatori
367 2925 474 3002 populi
501 2924 633 2984 Romani
664 2925 752 3002 quive
779 2932 900 2985 senator
927 2926 1001 2998 fuit,
1034 2928 1105 2986 item
1134 2927 1195 2986 filio
1223 2930 1289 2988 eius
1316 2930 1365 2990 ius

56 3041 110 3082 esse
133 3025 164 3084 in
192 3025 319 3085 coloniis
345 3027 552 3102 municipilsvc
578 3027 700 3086 sedendi
726 3028 803 3086 inter
824 3027 998 3089 decuriones
1021 3029 1065 3106 (7,
1081 3029 1108 3090 2.
1129 3029 1163 3106 3)
1184 3049 1251 3090 uum
1277 3042 1366 3091 autea

56 3143 155 3202 quoque
186 3128 380 3200 obtinuisset,
408 3131 565 3206 Augustus
598 3129 769 3209 diligentius
802 3130 952 3207 sanxitl).
1001 3131 1087 3190 Idem
1119 3131 1244 3192 Polemo
1273 3133 1364 3193 Ponti

55 3245 113 3298 rar,
136 3249 201 3289 cum
222 3230 302 3289 inter
328 3232 427 3291 socios
454 3239 484 3291 et
511 3233 624 3291 amicos
652 3233 758 3310 populi
778 3231 908 3292 Romani
935 3233 1103 3310 adscriptus
1130 3245 1223 3308 esset,
1250 3237 1281 3294 in
1308 3255 1363 3296 suo

56 3346 130 3405 regno
156 3333 345 3393 senatoribus
372 3335 476 3411 populi
498 3334 626 3394 Romani
655 3333 839 3413 permisitt).
885 3334 1011 3396 Senator
1038 3338 1090 3412 qui
1117 3337 1175 3396 fuit
1196 3357 1262 3397 cum
1284 3359 1364 3399 com·

56 3443 224 3508 memoratur,
245 3435 284 3496 de
305 3435 446 3497 damnato
467 3437 643 3513 praesertim
666 3438 714 3496 vel
736 3457 754 3496 a
774 3455 898 3498 censore
919 3437 1024 3498 ordine
1044 3448 1126 3498 moto
1145 3440 1263 3500 videtur
1284 3442 1363 3520 cogi·

56 3542 132 3593 utun
152 3556 226 3597 csse.

116 3785 137 3848 ¹)
164 3789 265 3841 Vitrnr.
280 3789 305 3854 5,
321 3792 346 3855 6,
363 3793 392 3841 2:
412 3791 439 3840 s'u
452 3789 580 3842 erclearo
593 3799 674 3842 autem
686 3800 826 3844 senatorum
838 3800 896 3844 suat
908 3792 1008 3845 sedibus
1021 3795 1077 3846 loca
1091 3794 1232 3862 desipaata.
1257 3796 1363 3849 Suetom

55 3875 109 3941 Arg.
125 3879 172 3931 352
192 3885 351 3951 movitque
369 3885 443 3934 etima
461 3885 588 3935 excusatis
605 3885 702 3952 insipue
720 3887 797 3937 uestis
814 3893 838 3937 et
856 3886 988 3954 spectandi
1005 3889 1033 3939 is
1050 3886 1180 3940 orchestra
1198 3887 1363 3958 epulandique

53 3965 135 4032 pellice
151 3975 198 4024 ias.

115 4059 138 4124 ¹)
166 4063 362 4130 samaraeum,
377 4069 440 4120 324.

118 4153 141 4218 ²)
166 4157 219 4210 Pro
237 4160 476 4223 Cluent.4'l,132.
516 4161 557 4213 Oi.
576 4177 642 4227 quae
661 4164 717 4213 diri
735 4163 768 4213 de
787 4177 820 4214 es
837 4179 865 4214 re
885 4161 1044 4216 Staatsreclrt
1058 4167 1081 4228 1,
1097 4167 1159 4219 373.

116 4247 139 4310 ⁴)
164 4251 269 4304 Heuzen
283 4253 370 4304 7007:
390 4255 433 4304 cui
455 4253 517 4305 orda
536 4231 731 4322 splendidissim.
750 4255 847 4306 civitat.
867 4255 1011 4308 Albensium
1030 4275 1168 4310 consessum
1185 4259 1262 4311 dedit.
1296 4261 1362 4312 Cen-

58 4341 142 4392 nnus
153 4345 273 4395 Veientes
293 4345 443 4408 decernunt,
464 4347 511 4398 Cn.
527 4347 633 4398 Caesius
646 4347 766 4399 Athletas
784 4354 813 4398 at
825 4348 1002 4415 Aupustallum
1019 4367 1118 4403 numero
1137 4351 1259 4404 habeatur
1277 4353 1363 4404 liceat-

56 4445 91 4492 με
110 4435 133 4482 ei
153 4435 262 4487 omullus
285 4438 437 4505 spectaculis
458 4439 593 4507 mum'eupla
617 4445 702 4490 mostra
729 4437 826 4491 lisellia
845 4443 954 4509 proprio
978 4444 1043 4493 iuter
1062 4443 1217 4512 Aspustales
1235 4443 1365 4496 aoamdere

57 4525 152 4592 “supas
170 4527 278 4580 amadus
293 4527 407 4598 publicis
424 4532 489 4581 inter
507 4533 671 4582 ceammciros
689 4533 806 4584 iuteresse
825 4533 915 4595 (Orell.
929 4536 1020 4598 4046).

118 4617 141 4680 ⁵)
167 4621 271 4674 Sueten.
290 4625 361 4688 Aug.
380 4624 429 4674 44:
452 4623 584 4690 medardi
601 4624 796 4690 corpusisss'mum
815 4641 846 4676 ac
865 4626 1041 4678 solutissimum
1057 4645 1148 4685 morem
1166 4631 1275 4680 correxit
1293 4629 1363 4680 oreli-

57 4709 162 4778 salpae,
179 4720 257 4764 mame
274 4716 373 4765 iniuria
391 4717 522 4778 seuatmis,
543 4732 612 4782 quera
632 4715 746 4768 Puteolis
758 4733 809 4785 per
829 4717 1000 4770 celeberrimos
1018 4720 1091 4772 ludas
1109 4739 1224 4773 commacu
1234 4722 1366 4790 frequenti

57 4815 109 4850 uas
125 4815 262 4872 receperat:
276 4807 353 4873 sacto
372 4809 452 4874 ipitur
470 4807 568 4860 decreto
585 4816 699 4876 patrum,
720 4816 758 4872 ut,
779 4811 891 4878 quatiens
910 4811 973 4880 quid
989 4815 1129 4882 spectaculi
1144 4831 1247 4882 usquam
1261 4814 1364 4883 publice

57 4889 161 4958 edacem
177 4899 274 4965 premes
291 4897 466 4952 subselliorum
485 4899 548 4952 orale
567 4909 672 4952 uacaret
689 4901 846 4953 senatoribus
864 4911 912 4955 cet.

117 4985 140 5048 ‘l
166 4989 220 5042 Dio
233 4992 274 5054 53,
288 4993 338 5044 25:
358 4985 400 5042 sal
417 4987 539 5062 προεδρία
555 4997 609 5052 τοίς
622 4993 770 5058 βουλευταῖς
790 4992 813 5044 ἐν
826 4985 895 5068 παίσῃ
908 4995 940 5070 τῇ
954 4990 1027 5070 ἆρχῇ
1040 4991 1114 5050 adrat
1127 4997 1152 5058 lc
1162 4989 1241 5050 ariera
1253 4989 1285 5049 acl
1297 4997 1362 5051 sls-

57 5089 93 5140 rpa
108 5069 191 5144 ilisa.
224 5083 426 5137 Massiliensibus
445 5095 505 5152 post
516 5087 626 5138 Romam
645 5085 758 5139 adsilit
776 5089 912 5140 liberatam
932 5091 1001 5142 lacus
1019 5092 1216 5160 spectaculorum
1232 5095 1261 5144 ia
1275 5103 1364 5146 senata

60 5165 121 5220 dmm
138 5174 387 5240 emanaturas,
404 5179 457 5241 10).
488 5181 574 5230 Etiam
588 5180 716 5230 Traianus
734 5181 825 5248 legatis
843 5199 932 5248 regum
944 5184 1042 5236 Romae
1061 5187 1146 5238 locum
1164 5188 1192 5238 in
1211 5189 1363 5253 spectaculis
1436 5251 1442 5266 Ι

60 5257 117 5312 ledit
134 5265 198 5318 inter
216 5278 345 5322 senatores
364 5270 427 5332 (Dio
440 5273 485 5336 68,
501 5272 554 5335 15).
593 5272 633 5324 Cf.
653 5273 759 5326 Sueten.
779 5273 847 5342 Aug.
861 5277 906 5328 44.
