3540 5940
403 551 476 622 356
845 535 1123 619 santuanensi
1141 567 1224 623 von.
1239 567 1283 618 111

1576 673 1705 681 ——---.

404 745 549 804 habebam
570 761 625 822 pro
647 750 721 802 teste
743 761 803 801 non
825 743 938 819 optimo
961 761 1014 800 nec
1036 743 1230 818 peritissimo,
1258 744 1312 801 sed
1340 753 1438 802 tamen
1461 742 1581 814 idoneo;
1609 753 1638 801 at
1656 746 1710 802 sub-

404 848 539 907 dubitare
561 845 660 921 coepi,
686 851 847 922 postquam
869 863 936 903 eum
964 844 1143 923 deprehendi
1165 845 1252 904 titulo
1275 866 1303 904 n.
1320 847 1398 904 3711
1424 845 1601 904 Diocletiani
1621 865 1708 904 nomen

403 950 490 1028 qnasi
513 950 550 1008 de
570 946 670 1024 lapide
691 946 883 1021 inferentem,
911 955 1070 1024 propterea
1096 947 1177 1023 quod
1198 947 1316 1007 Aurelii
1338 949 1453 1007 Valerii
1478 949 1597 1008 nomina
1621 948 1710 1007 Rome·

404 1071 457 1112 rus
478 1051 521 1111 ibi
542 1060 694 1127 posuerat,
716 1069 782 1109 cum
805 1051 879 1108 satis
902 1056 1054 1109 constaret
1074 1050 1187 1127 requiri
1208 1050 1248 1110 ibi
1271 1050 1411 1110 Flavium
1433 1050 1595 1123 Valerium,
1617 1051 1711 1110 scilieet

405 1154 624 1215 Constantium.
667 1152 774 1228 Itaque
796 1171 863 1212 cum
886 1157 917 1211 in
938 1171 972 1211 eo
995 1169 1103 1224 essem,
1126 1161 1160 1211 ut
1180 1153 1303 1212 inventa
1323 1175 1342 1213 a
1363 1154 1558 1229 Desjardinio
1579 1154 1615 1212 ad
1632 1154 1711 1230 ipsius

405 1259 566 1317 editionem
578 1256 716 1314 ordinata
729 1255 799 1313 huic
812 1255 997 1332 ephemeridi
1011 1255 1182 1328 insererem,
1198 1256 1319 1316 substiti
1332 1257 1466 1334 inopere
1481 1275 1648 1333 mecumque
1657 1274 1712 1314 eon·

406 1359 489 1419 stitui
507 1359 684 1418 Pestinense
706 1375 842 1416 museum
863 1358 982 1416 tertium
1006 1357 1098 1431 adire,
1121 1367 1281 1437 antequam
1303 1359 1340 1418 de
1355 1359 1594 1435 Desjardinianis
1615 1359 1713 1435 publice

405 1463 549 1522 iudicium
571 1462 691 1520 ferrem.
734 1459 883 1536 Receptus
905 1460 997 1536 igitur
1016 1461 1134 1520 Pestici
1157 1463 1193 1520 ab
1216 1462 1321 1522 amicis
1343 1463 1434 1522 solita
1447 1463 1586 1521 comitata
1606 1481 1663 1520 rem
1680 1461 1714 1518 in·

406 1563 552 1640 vestigavi
573 1571 602 1621 et
623 1568 741 1640 praeter
762 1563 1002 1639 expectationem
1030 1571 1125 1622 totum
1154 1564 1292 1623 volumen
1319 1565 1501 1642 deprehendi
1527 1565 1606 1623 mala
1629 1564 1714 1622 fraude

406 1677 437 1726 et
461 1673 607 1745 perpetua
631 1665 863 1743 interpolatione
890 1666 1079 1742 inquinatum
1107 1683 1185 1726 esse.
1232 1667 1313 1726 Nam
1345 1679 1378 1727 ut
1409 1667 1440 1725 in
1469 1667 1522 1726 illo
1549 1667 1648 1737 titulo,
1677 1666 1716 1722 ubi

407 1768 617 1845 Desjardinius
652 1767 744 1825 edidit
765 1770 1121 1843 cnvnvaismoutoclll,
1154 1769 1195 1828 ibi
1228 1789 1297 1829 vere
1328 1781 1374 1830 est
1396 1785 1505 1829 stsvto
1522 1785 1650 1830 vatsmo
1674 1786 1716 1824 nec

407 1873 567 1949 quicquam
590 1870 728 1948 amplius,
755 1870 798 1929 ita
821 1870 932 1930 similia
952 1877 1075 1948 peccata
1096 1873 1210 1949 passim
1232 1873 1373 1944 redeunt;
1401 1882 1431 1931 et
1451 1890 1488 1931 ne
1509 1884 1595 1948 putes
1616 1872 1644 1930 in
1664 1870 1717 1929 solo

408 1993 510 2033 errore
524 1991 586 2032 rem
602 1973 777 2046 consistere,
792 1973 834 2031 ibi
845 1973 1103 2050 impudentissime
1115 1975 1178 2034 fere
1190 1977 1339 2048 mentitur,
1353 1975 1402 2034 ubi
1413 1976 1445 2033 in
1456 1974 1587 2034 editione
1599 1974 1718 2033 Parisino

409 2077 518 2136 collata
532 2093 588 2134 sua
602 2075 729 2134 lectione
744 2093 869 2151 meaque
884 2078 1118 2136 controversiam
1133 2077 1275 2136 diiudicat
1293 2078 1427 2154 allegatis
1445 2078 1571 2154 ectypis.
1615 2075 1718 2137 Gratis·

409 2181 486 2239 sima
512 2178 586 2237 haec
612 2177 763 2236 accusatio
784 2197 822 2236 ne
843 2179 1025 2254 argumentis
1051 2179 1239 2252 destituatur,
1267 2181 1304 2240 ad
1333 2180 1470 2258 singulos
1497 2181 1603 2238 titulos
1625 2179 1717 2237 radam

409 2284 569 2342 lectionem
589 2299 685 2338 meam
709 2291 738 2338 et
756 2279 1016 2354 Desjardinianam
1038 2283 1204 2358 composui,
1226 2302 1303 2360 quae
1325 2283 1443 2358 quidem
1465 2281 1582 2358 aliquid
1599 2281 1718 2340 momenti

409 2386 542 2456 haberet,
564 2395 594 2440 et
615 2392 646 2441 ut
665 2400 749 2444 meos
771 2401 889 2442 errores
910 2401 970 2442 non
992 2385 1106 2458 reticui,
1129 2386 1172 2444 ita
1187 2384 1437 2460 Desjardinianos
1458 2403 1579 2463 quoque
1600 2383 1719 2443 indicari.

410 2487 491 2548 Nam
512 2505 691 2565 quamquam
714 2485 862 2544 eiusmodi
884 2485 1102 2546 confutationes
1125 2487 1223 2546 adhuc
1244 2506 1363 2566 semper
1385 2489 1553 2565 contempsi
1574 2506 1634 2546 non
1653 2487 1719 2562 igne

411 2609 482 2651 rans
505 2589 641 2665 equidem
664 2606 756 2664 quam
778 2588 817 2647 sit
839 2589 1010 2648 necessaria
1032 2589 1121 2648 etiam
1148 2591 1179 2647 in
1202 2591 1331 2650 minimis
1353 2600 1383 2649 et
1404 2590 1578 2668 adiaphoris
1600 2595 1720 2648 accurata

410 2693 509 2766 lectio,
532 2691 585 2750 sed
607 2690 772 2750 abhorrens
795 2709 813 2749 a
834 2691 1051 2750 consuetudine
1073 2711 1176 2752 eorum
1199 2694 1331 2752 virorum
1357 2693 1523 2764 doctorum,
1551 2694 1604 2770 qui
1625 2695 1721 2769 Aprum

410 2797 520 2856 lactum
544 2811 612 2854 csse
633 2812 673 2853 ex
688 2796 768 2870 Apto
791 2811 946 2871 annosque
967 2794 1016 2852 XI
1038 2795 1215 2855 substitutos
1238 2814 1292 2874 pro
1313 2795 1342 2853 X
1364 2795 1476 2873 populo
1497 2796 1636 2855 nuntiant
1655 2792 1721 2850 tibiis

411 2900 549 2976 tubisque
572 2897 804 2969 concinentibus,
832 2896 881 2954 hic
902 2896 960 2954 iam
984 2897 1043 2956 alia
1063 2915 1112 2956 res
1134 2899 1241 2975 agitur,
1275 2899 1392 2957 scilicet
1412 2898 1509 2957 malae
1532 2897 1603 2956 fidei
1623 2895 1723 2972 publica

386 3027 389 3036 ·
411 3001 571 3061 accusatio.
616 2999 662 3056 Ea
683 2999 776 3075 igitur
791 3017 924 3056 errorum
939 3000 1080 3059 refutatio
1103 3001 1182 3059 infra
1202 3009 1399 3077 proponetur3
1428 3002 1484 3060 hoc
1506 3000 1576 3060 loco
1598 2999 1722 3076 quaedam

410 3120 519 3181 ponam
554 3103 713 3161 observata
743 3101 774 3160 in
807 3101 978 3178 diplomatis
1005 3113 1219 3162 veteranorum.
1263 3103 1391 3162 Errores
1423 3103 1454 3161 iu
1486 3104 1525 3162 iis
1560 3101 1674 3160 edendis
1701 3101 1722 3155 in

411 3205 547 3283 Corpore
573 3206 726 3264 commissi
758 3203 839 3279 apud
860 3201 1083 3278 Desjardinium
1115 3206 1309 3283 conspicuum
1341 3206 1439 3266 locum
1463 3213 1621 3284 occupant
1645 3221 1722 3278 eoque

411 3310 554 3368 maiorem
576 3306 663 3365 tidem
687 3307 743 3366 sibi
765 3306 917 3364 vindicant
938 3307 1019 3382 quod
1041 3308 1085 3367 sic
1107 3309 1149 3367 ibi
1172 3317 1323 3367 mouetur:
1347 3328 1423 3386 pour
1444 3309 1485 3367 les
1507 3309 1645 3385 dipldmcs
1665 3305 1723 3362 nili-

411 3414 510 3485 tairee,
533 3429 562 3469 cc
583 3421 647 3469 scat
669 3411 708 3468 les
731 3420 907 3486 ectanpaqea
929 3411 1095 3470 eux-mimos
1112 3431 1164 3488 que
1186 3431 1257 3470 acas
1279 3430 1368 3472 avons
1385 3411 1500 3487 publiea
1524 3431 1560 3470 en
1579 3430 1597 3486 p
1615 3412 1724 3484 ajoutant

413 3515 443 3572 la
464 3515 623 3573 coloratioc
644 3512 693 3572 dea
715 3523 886 3572 monuments
909 3515 1071 3588 oriyinaux.
1115 3514 1320 3574 Recensentur
1341 3513 1447 3572 deinde
1469 3513 1502 3572 in
1524 3512 1646 3592 singulis
1666 3509 1724 3586 legi·

412 3617 467 3676 bus
490 3634 606 3675 errores
630 3614 783 3676 commissi
804 3615 842 3675 ad
864 3615 922 3673 hoc
943 3616 1127 3691 exemplum:

550 3801 662 3878 Corpus
679 3822 713 3880 p.
729 3805 795 3862 855
816 3801 949 3878 (contulit
970 3802 1156 3878 Mommsen
1337 3801 1381 3862 On
1401 3803 1435 3861 lit
1456 3821 1508 3861 sur
1524 3803 1551 3862 le
1571 3807 1724 3861 monunmt:

455 3942 503 3998 1³⁴⁶
518 3943 597 4015 foce.
622 3950 674 3999 ent.
703 3941 721 3999 l.
748 3941 784 3999 13
921 3955 1195 4000 v·camasc0svn
1414 3955 1677 4000 mecumtecum

455 4039 508 4099 pa
558 4075 570 4085 -
639 4075 650 4084 ·
700 4042 719 4099 l.
767 4043 784 4100 3
921 4057 1030 4101 c·1vu1
1414 4058 1540 4100 onum

556 4176 567 4187 -
642 4176 652 4186 ·
700 4145 718 4202 l.
767 4144 786 4201 4
922 4159 1065 4202 semein
1416 4160 1568 4204 sax-surr

456 4249 503 4305 1'0
557 4279 567 4290 -
616 4250 668 4304 int.
696 4246 715 4304 l.
769 4248 782 4303 l
922 4245 1127 4306 llttsn·olvl
1415 4243 1704 4306 rme·cassan·nlvl

560 4381 572 4391 -
640 4381 650 4391 -
696 4347 714 4405 t.
767 4349 784 4405 3
922 4344 1048 4454 cos-x(
1416 4356 1547 4408 cos-itt

560 4481 572 4494 -
642 4482 652 4493 -
695 4451 714 4507 t.
747 4451 785 4507 14
921 4457 1255 4511 et·vh·ensvcoavm
1416 4459 1693 4511 sumansvcoavn

458 4634 534 4698 Cum
557 4637 682 4696 tabellas
703 4636 874 4713 recognovi,
897 4637 963 4713 ipse
978 4637 1052 4696 meis
1075 4638 1173 4697 oculis
1189 4637 1324 4699 diffidere
1339 4637 1425 4716 coepi
1446 4636 1647 4716 advocavique
1667 4635 1722 4693 sni·

416 4759 479 4814 cos,
507 4749 540 4799 ut
566 4747 660 4800 testes
687 4739 760 4798 mibi
786 4750 887 4799 esseut
912 4739 942 4798 in
969 4761 1001 4798 re
1030 4742 1181 4817 praesenti
1209 4741 1433 4817 Desjardininm
1459 4759 1527 4800 cum
1556 4741 1651 4800 sexies
1673 4757 1723 4797 cor-

416 4844 537 4930 rexerit,
559 4843 659 4902 sexies
681 4842 836 4901 meutitum
862 4860 939 4902 esse.
983 4842 1140 4902 Mentitum
1168 4843 1250 4915 dico;
1284 4844 1405 4903 namin
1434 4843 1556 4904 tabellis
1583 4843 1619 4902 iis
1644 4841 1723 4899 omnia

419 4945 588 5005 clarissima
608 4945 774 5005 certissima
796 4944 1021 5005 evidentissima
1041 4956 1120 5018 suut,
1143 4953 1176 5005 ut
1190 4965 1227 5006 ne
1242 4965 1315 5024 puer
1329 4945 1448 5023 quidem
1471 4965 1510 5005 ex
1532 4946 1610 5005 Iulio
1622 4945 1721 5004 Rodum

419 5049 517 5107 facere
538 5048 644 5125 possit.
687 5048 792 5124 ltaque
806 5047 961 5108 sollemnis
982 5049 1035 5108 illa
1057 5049 1093 5107 de
1115 5049 1229 5126 ectypis
1251 5049 1447 5126 praescriptio
1464 5056 1495 5106 et
1514 5048 1584 5126 ipsa
1604 5045 1723 5106 ementita

420 5151 462 5209 sit
482 5167 604 5209 necesse
625 5157 685 5220 est3
707 5150 799 5209 immo
820 5150 987 5210 tabularum
1009 5151 1317 5226 Desjardinianarum,
1339 5151 1529 5230 paucissimis
1551 5150 1676 5226 exceptis
1693 5145 1722 5202 ad

420 5253 488 5331 ipsa
509 5261 700 5313 monumenta
721 5253 884 5330 expressis,
906 5255 1009 5314 eadem
1024 5253 1098 5314 fides
1118 5262 1164 5314 est
1185 5263 1276 5333 atque
1290 5256 1495 5334 exemplorum
1515 5255 1597 5331 typis
1617 5255 1723 5328 impres-
