3530 5932
397 548 471 619 154
965 569 1142 622 coussnu:

475 740 536 800 Hic
558 742 634 800 alter
656 750 755 801 textus
776 742 854 802 tituli
868 742 1031 802 Dianensis
1054 741 1099 820 (b)
1121 763 1188 802 cum
1209 743 1300 802 trium
1321 745 1532 804 vocabulorum
1554 747 1691 824 scriptione

396 841 515 901 differat
535 844 573 903 ab
594 844 648 903 illo
669 845 769 922 priore
791 845 848 921 (a),
874 846 973 904 lacere
994 865 1055 905 non
1076 863 1210 923 possum,
1232 845 1306 923 quin
1329 855 1485 924 utrumque
1507 849 1567 907 eins
1587 868 1693 926 apogra-

392 945 486 1022 phum
505 946 555 1006 hic
577 949 609 1006 in
630 957 793 1024 conspectu
814 966 936 1025 ponam:

642 1259 950 1319 mmmmm

642 1377 802 1420 annunt
844 1379 947 1420 rnna

1168 1275 1274 1318 onisi-
1288 1277 1338 1319 ΓΙΙΩ
1349 1271 1410 1326 {Al}
1422 1293 1428 1306 ·
1441 1277 1501 1320 ΕΚΟ

1168 1377 1504 1422 ξΛΛΑΕξ·[ΑΛΕ

564 1175 592 1214 α.
644 1171 782 1216 nunonis
825 1165 961 1450 unnrnop
1096 1159 1122 1217 t.
1166 1174 1322 1219 nnanornt
1349 1189 1357 1203 ·
1384 1175 1504 1218 unauna

473 1566 542 1625 Hoc
577 1566 704 1625 alterum
741 1567 948 1647 apographum
965 1563 971 1576 “
986 1566 1216 1642 imprimendum
1252 1567 1375 1627 curavit.
1417 1566 1475 1628 St*
1498 1569 1694 1639 Macchiarolli‚
1753 1613 1754 1652 p

389 1668 488 1726 Diano
524 1688 539 1727 e
574 1669 736 1728 l’omonima
771 1689 824 1729 sua
859 1671 944 1728 valle.
979 1669 1060 1746 Nap.
1095 1668 1189 1740 1868,
1212 1689 1245 1744 p.
1274 1669 1340 1728 271.
1390 1671 1526 1748 Apparet
1560 1672 1643 1748 igitur
1670 1672 1694 1729 in

390 1772 562 1848 apographo
597 1791 616 1831 u
651 1773 794 1850 scriptum
830 1791 910 1832 esse:
952 1779 1084 1838 λαπονιο,
1122 1771 1153 1829 in
1189 1772 1220 1830 b:
1257 1779 1405 1840 αλαπονις,
1440 1774 1470 1831 in
1508 1795 1542 1833 a:
1579 1796 1643 1841 eurr,
1669 1774 1693 1831 in

331 1903 341 1924 s
390 1874 420 1932 b:
450 1896 537 1940 οπιες,
561 1874 594 1932 in
621 1894 655 1932 a:
689 1869 815 1952 oulufc,
839 1877 870 1933 in
898 1865 927 1932 h:
950 1870 1073 1952 <ri-lofe,
1103 1873 1135 1931 in
1171 1892 1190 1931 a
1221 1873 1315 1932 semel
1345 1883 1460 1934 mutum
1492 1876 1694 1952 interpnnttum

390 1995 457 2035 csse
491 1985 563 2053 post
596 1997 666 2043 πιω,
705 1978 804 2053 ibique
844 1977 938 2054 signo¹
971 1994 1075 2052 parum
1110 1985 1210 2047 rectu,
1251 1976 1281 2034 in
1318 1976 1334 2034 b
1369 1986 1475 2053 quater
1510 1989 1618 2054 puncta
1646 1977 1695 2035 suis

389 2077 465 2137 locis
485 2079 664 2156 interposita
686 2097 752 2138 esse
775 2088 804 2138 et
828 2087 899 2156 post
920 2102 973 2136 πιω
996 2078 1053 2137 tria
1074 2089 1183 2155 puncta
1203 2085 1283 2136 recte
1304 2079 1453 2137 restituta
1495 2079 1600 2156 Itaque
1620 2079 1695 2138 nemi·

388 2198 457 2240 nem
478 2180 581 2258 lugere
602 2190 712 2258 potest,
738 2181 943 2258 apographum
964 2179 1107 2238 Mandelli
1130 2181 1160 2238 in
1181 2180 1239 2237 fine
1260 2181 1422 2240 voluminis
1444 2183 1568 2240 secundi
1587 2182 1648 2241 libri
1666 2181 1696 2238 de

387 2282 523 2342 Lucania
543 2284 645 2360 scripti
667 2284 798 2362 positum
813 2284 829 2340 b
844 2284 1011 2342 accuratius
1033 2292 1062 2341 et
1083 2281 1245 2341 correctius
1267 2284 1413 2360 scriptum
1432 2301 1509 2357 esse,
1531 2301 1619 2360 qnam
1636 2283 1695 2342 alte-

388 2406 464 2457 rum,
487 2396 646 2463 postquam
669 2387 840 2445 auctoribus
857 2385 931 2444 viris
946 2383 1060 2444 Graece
1082 2384 1177 2443 doctis
1197 2384 1328 2460 lapidem
1351 2385 1449 2443 denuo
1470 2385 1606 2462 inspexit
1623 2393 1696 2460 atque

387 2489 581 2562 examinavit,
606 2489 761 2548 lectionem
782 2507 853 2546 vero
874 2483 988 2566 uatoefc
1009 2487 1040 2544 in
1067 2487 1083 2546 b
1106 2505 1160 2563 pro
1182 2482 1298 2565 ausafa
1318 2486 1389 2546 inde
1411 2496 1507 2546 ortam
1529 2504 1606 2560 esse,
1629 2487 1695 2564 quod

289 2628 294 2640 -
387 2589 486 2650 media
510 2592 591 2650 linea
615 2591 732 2650 litterae
754 2609 774 2648 n
799 2591 830 2647 in
856 2608 1004 2649 marmore
1030 2589 1129 2649 deleta
1155 2598 1207 2648 aut
1233 2600 1430 2648 evanescente
1458 2592 1592 2649 restabat
1616 2589 1696 2648 forma

389 2691 524 2754 Graecae
549 2693 667 2752 litterae
687 2711 717 2751 n.
760 2692 835 2750 lnde
863 2692 1011 2769 seqnitur,
1038 2699 1072 2750 ut
1097 2699 1197 2750 textus
1218 2691 1422 2768 inscriptionis
1443 2691 1608 2752 Dianensis
1631 2692 1697 2749 hunc

387 2796 421 2854 in
441 2795 562 2856 modum
584 2794 809 2856 constituendus
831 2795 885 2854 sit:

881 2985 916 3039 A.
939 2985 1062 3042 hartuvic
1083 2975 1212 3060 Ilaufurs

863 3086 951 3144 Omne
972 3099 1023 3140 πιω
1046 3105 1105 3141 aru.
1128 3105 1184 3140 εκο.
1202 3115 1241 3126 -

937 3179 1060 3264 lutoso
1076 3180 1164 3265 Ῐαλε.

468 3409 554 3470 Haec
574 3410 665 3489 igitur
686 3411 780 3470 verba
804 3408 1017 3484 interpretandi
1037 3425 1146 3467 munus
1168 3408 1343 3484 priusquam
1356 3409 1472 3481 obeam,
1491 3409 1529 3467 de
1546 3409 1699 3467 litterarum

387 3511 573 3574 Graecarum
594 3531 651 3572 usu
672 3522 703 3571 et
722 3511 834 3584 forma,
865 3511 973 3588 quihus
1001 3511 1104 3587 scripti
1126 3519 1209 3582 sunt,
1238 3510 1336 3569 habeo
1358 3511 1439 3587 qnod
1459 3509 1699 3588 praemonendum

384 3616 529 3674 videatur.
571 3615 730 3692 Apparent
750 3614 841 3690 igitur
862 3615 894 3672 in
914 3613 972 3671 hoo
993 3613 1081 3672 titulo
1104 3631 1171 3671 cum
1193 3613 1327 3672 brevium
1347 3613 1524 3672 vocalinms
1546 3621 1576 3672 et
1596 3635 1609 3670 u
1632 3612 1699 3670 litte

383 3737 444 3792 rae,
467 3727 530 3776 tum
551 3717 709 3796 longarum
730 3741 746 3788 η
768 3725 799 3774 et
821 3739 851 3789 ω,
874 3725 906 3773 at
926 3715 1097 3791 promiscuo
1118 3733 1174 3774 usn
1195 3715 1357 3787 adhibitae,
1378 3723 1512 3774 ntuetr
1536 3716 1625 3774 etiam
1645 3715 1700 3772 lon·

383 3838 488 3899 garum
511 3819 659 3878 vocalium
681 3817 749 3877 loco
777 3818 894 3895 positae
921 3818 983 3876 sint
1007 3818 1038 3875 in
1056 3813 1134 3896 fate
1160 3834 1214 3893 pro
1236 3817 1315 3887 uate,
1343 3839 1389 3874 eno
1416 3816 1560 3893 prosto,
1587 3823 1700 3874 taurus

382 3940 438 4000 pro
453 3920 625 3997 Lamponia,
648 3930 781 3990 contras
797 3929 828 3978 et
846 3943 865 3976 u
888 3919 977 3978 etiam
998 3919 1105 3977 breves
1128 3918 1247 3978 vocales
1270 3919 1439 3996 significent
1459 3919 1491 3976 in
1505 3913 1633 3998 llaafurc
1651 3934 1699 3993 pro

383 4023 507 4082 Pukuets
530 4032 560 4082 et
580 4045 632 4080 πιω
655 4041 711 4098 pro
733 4021 850 4099 pio(m),
872 4023 903 4081 id
925 4020 1004 4098 quud
1027 4039 1065 4080 ex
1086 4021 1329 4097 interpretatione
1352 4038 1428 4096 quae
1450 4020 1587 4096 sequitur
1600 4020 1700 4078 clarius

382 4125 517 4185 elucebit.
561 4121 639 4184 (lum
665 4126 697 4184 in
723 4124 792 4183 aliis
817 4121 1019 4183 monumentis
1041 4120 1131 4181 Oscis
1155 4121 1272 4181 Graece
1295 4123 1417 4199 scriptis
1443 4131 1506 4180 tum
1528 4123 1655 4181 maxime
1674 4121 1699 4176 in

344 4249 347 4254 ’
382 4227 468 4285 titulo
482 4227 615 4285 Anxano
628 4226 819 4285 Lucanorum
840 4225 1067 4285 etMessinensi
1088 4224 1332 4284 Mamertinorum
1355 4225 1470 4284 litteras
1492 4247 1508 4294 η
1531 4233 1562 4283 et
1583 4249 1603 4282 ω
1625 4225 1700 4282 iuxta

381 4351 396 4385 ε
417 4336 448 4388 et
468 4352 481 4385 ο
504 4330 611 4388 breves
632 4328 754 4388 vocales
776 4329 955 4404 significare,
976 4328 1009 4384 in
1030 4327 1278 4386 commentatione
1300 4326 1337 4384 de
1358 4326 1604 4402 inscriptionibus
1619 4324 1699 4384 Oscis

381 4431 490 4490 litteris
514 4429 642 4491 Graecis
668 4431 820 4507 conceptis
848 4429 1050 4488 demonstravi
1078 4428 1132 4503 (Z.
1149 4431 1178 4504 s.
1200 4429 1288 4504 oerpl.
1312 4426 1382 4504 Spr.
1405 4427 1536 4498 XVIII,
1559 4427 1617 4487 190
1636 4426 1697 4502 op).

268 4549 272 4558 ·
379 4533 487 4610 Itaque
508 4534 547 4591 ad
568 4533 689 4593 illorum
710 4533 866 4591 titulorum
889 4531 1113 4590 similitudinem
1134 4531 1272 4607 proxime
1294 4530 1408 4590 accedit
1428 4530 1594 4589 litterarum
1616 4527 1700 4589 Grae·

384 4653 485 4694 earum
506 4652 582 4694 usus
604 4635 635 4694 in
657 4653 805 4693 marmore
826 4633 974 4693 Dianensi
995 4632 1187 4691 Lucanorum
1209 4632 1399 4709 conspicuus.

352 4771 357 4776 -
463 4737 529 4795 Iam
555 4745 589 4796 nt
616 4737 654 4795 ad
679 4737 777 4812 ipsam
798 4736 887 4795 hrains
910 4734 990 4794 tituli
1010 4734 1286 4810 interpretationem
1307 4734 1480 4811 aggrediar,
1506 4739 1628 4794 Λαπονις
1648 4729 1698 4789 Th.

380 4838 549 4898 Mommsen
575 4837 651 4897 vidit
675 4839 754 4897 idem
775 4857 883 4897 nomen
905 4837 1014 4914 gentile
1036 4854 1104 4895 esse
1129 4854 1164 4894 ac
1186 4835 1228 4893 M.
1251 4835 1398 4912 Lampoai
1418 4835 1533 4895 Lucani
1554 4831 1698 4896 torussmi

380 4940 461 4999 illius
484 4941 633 5000 sociorum
654 4941 686 5000 in
707 4940 788 4999 bello
803 4939 934 4998 Marsico
954 4939 1048 5011 ducis,
1071 4939 1123 5015 qui
1144 4957 1233 5017 aegre
1255 4939 1375 4996 tandem
1398 4947 1466 4997 unte
1486 4947 1591 5016 portas
1613 4935 1698 5013 ipsius

380 5042 462 5101 urhis
485 5061 551 5101 cnm
572 5042 674 5101 Pontio
699 5043 825 5101 Telesino
847 5043 942 5101 victus
963 5048 1010 5100 est
1031 5038 1107 5098 aL.
1131 5038 1227 5100 Sulla.
1260 5039 1379 5100 Etenim
1401 5041 1541 5118 quamvis
1564 5035 1699 5098 vocabula

381 5143 678 5222 OsuaPrhnputt'aus,
702 5145 921 5221 compret'ootud,
943 5151 1063 5218 ampert,
1086 5143 1230 5219 umprufid
1250 5150 1466 5202 consonantem
1479 5162 1507 5200 m
1529 5150 1699 5220 sequentep

378 5245 525 5324 integram
546 5245 734 5306 servaverint
755 5245 969 5322 (Bruppacher,
987 5243 1088 5302 Laeti.
1105 5244 1134 5301 d.
1154 5243 1223 5303 Oak.
1239 5243 1309 5320 Spr.
1327 5264 1360 5320 p.
1376 5247 1413 5305 71
1426 5245 1496 5323 sp),
1518 5255 1617 5304 tamen
1638 5259 1697 5300 con·
