3532 5938
379 478 686 532 osennvsrroruss
713 479 990 534 amensamens
1008 480 1100 532 xvu.
1326 460 1399 531 255

77 645 218 739 ἓαγκτήρ,
240 655 270 712 in
292 655 457 730 posteriore
477 651 494 725 ἧ
517 645 664 720 βασιλέων
680 641 729 723 μὲν
742 644 892 738 θυγατῆρ,
912 643 1060 718 βασιλέων
1083 640 1114 710 δὲ
1134 645 1223 737 μήτηρ
1238 645 1400 738 Τρύφαινα.
1428 641 1429 652 ¹

74 758 216 818 Antoniae
243 774 349 815 nomeu
375 756 533 832 repetitum
562 775 631 818 esse
659 763 742 834 patet
774 757 812 815 ab
836 757 908 815 aria
927 755 991 814 filia
1015 764 1088 833 natu
1119 757 1252 816 maxima
1273 758 1398 818 Antonii

74 860 170 920 IlIviri
200 861 232 918 in
265 858 352 918 titulo
379 856 546 936 Smyrnaeo
577 860 728 938 appellata
759 849 908 943 εὐεργέτις,
936 877 1013 936 quae
1046 859 1265 934 quodammodo
1294 831 1397 937 stir'pis

75 982 139 1023 suae
158 963 348 1038 splendorem
370 961 555 1039 fundavit2).
598 962 689 1022 Prius
712 962 863 1021 decretum
885 961 998 1020 lactum
1019 970 1066 1022 est
1086 961 1252 1038 imperante
1268 962 1393 1022 Tiberin

73 1073 132 1144 post
163 1062 271 1141 Cotyis
299 1065 412 1124 obitum
446 1066 568 1142 opinor,
599 1065 682 1125 cuius
706 1066 790 1124 nulla
824 1064 864 1124 ibi
887 1063 997 1124 mentio
1018 1063 1061 1122 fit.
1104 1061 1185 1123 Nam
1206 1064 1316 1142 virgini
1338 1084 1393 1124 nec

75 1167 263 1226 sacerdotium
282 1166 389 1226 Liviae
411 1168 486 1226 satis
508 1166 657 1239 convenit,
680 1169 759 1245 qnod
782 1167 809 1226 ei
831 1166 937 1226 titulus
960 1167 1072 1238 tribuit,
1094 1185 1149 1225 nec
1170 1167 1327 1243 probabile
1348 1176 1395 1227 est

73 1270 275 1349 Tryphaenam
301 1281 371 1347 post
391 1270 507 1329 obitum
528 1271 646 1328 demum
669 1270 799 1347 Augusti
823 1267 914 1346 Cotyi
940 1269 1094 1345 nupsisse,
1123 1288 1178 1328 nec
1199 1269 1391 1330 necessitudo

74 1373 261 1449 Tryphaenae
290 1372 353 1430 nlla
374 1391 443 1430 cum
465 1369 623 1448 Cyzicenis
650 1371 708 1430 fuit
732 1372 791 1430 nisi
819 1381 941 1450 propter
961 1373 1110 1431 maritum.
1156 1369 1297 1450 Cyziceni
1326 1392 1392 1432 cum

73 1495 128 1533 eam
149 1484 302 1534 creassent
323 1474 509 1533 sacerdotem
530 1474 625 1532 Iuliae
645 1474 816 1552 Augustae,
843 1475 983 1552 quoniam
1010 1483 1160 1533 aeternam
1182 1476 1303 1534 domum
1329 1495 1392 1532 ma·

71 1577 134 1635 rimi
164 1577 289 1636 deorum
315 1576 364 1635 Ti.
388 1576 519 1654 Augusti
545 1575 701 1654 Drusique
727 1577 829 1636 fratris
858 1576 920 1635 sius
942 1590 1068 1635 'summa
1101 1576 1246 1654 religione
1272 1577 1394 1649 coleret,

72 1681 164 1739 matris
189 1681 311 1748 horum,
339 1679 453 1738 scilicet
474 1679 571 1738 Iuliae
593 1679 748 1757 Augustae
771 1680 932 1756 imaginem
955 1678 1139 1756 Tryphaena
1164 1679 1283 1756 publice
1311 1680 1392 1738 dedi-

75 1780 193 1858 cavitl).
238 1781 371 1840 Drusum
398 1782 521 1841 fratrem
544 1781 660 1840 Tiberii
689 1790 848 1859 eapropter
874 1783 1020 1840 adiectum
1046 1799 1114 1841 esse
1140 1792 1280 1858 apparet,
1310 1781 1391 1860 quod

74 1883 259 1960 Tryphaenae
283 1885 369 1942 aviae
393 1902 480 1943 soror
494 1884 598 1944 Druso
620 1897 764 1962 nupserat
784 1885 886 1960 itaque
905 1883 1026 1943 Drusus
1049 1893 1079 1942 et
1093 1883 1275 1962 Tryphaena
1297 1885 1392 1943 affini·

73 1995 123 2044 tate
142 1988 351 2065 iungebantur.
396 1985 566 2047 Secundum
588 1988 738 2047 decretum
760 1987 869 2046 laetum
893 1995 939 2046 est
963 1987 1128 2064 imperante
1151 1985 1228 2060 Gaio
1249 1987 1316 2062 ipso
1338 1987 1392 2050 illo

74 2090 167 2164 opinor
187 2107 248 2166 quo
272 2107 398 2166 regnare
420 2090 519 2166 eoepit
540 2089 671 2166 annal),
694 2108 754 2167 quo
775 2098 908 2167 tempore
931 2089 1115 2166 Tryphaena
1137 2109 1203 2148 eum
1225 2089 1297 2149 filiis
1320 2090 1392 2149 duo·

74 2191 121 2248 bns
141 2199 210 2250 natu
224 2192 390 2251 maioribus
406 2190 549 2270 Cyzicum
573 2192 695 2252 advenit
716 2193 753 2252 ad
774 2193 862 2252 ludos
880 2193 922 2251 ibi
938 2191 1067 2251 edendos
1083 2192 1156 2250 deae
1172 2211 1268 2251 novae
1280 2191 1392 2252 Veneri

74 2292 224 2352 Drusillae.
241 2327 286 2336 -
299 2293 499 2354 Necessitudo
522 2313 599 2372 quae
620 2296 698 2353 inter
712 2296 875 2354 Antoniam
899 2296 1024 2371 eiusque
1044 2294 1155 2367 liberos
1178 2302 1208 2352 et
1223 2292 1390 2371 Cyzicenos

73 2395 213 2455 intercedit
242 2415 364 2455 summa
390 2405 420 2456 et
447 2397 489 2455 ita
515 2407 702 2474 comparata,
734 2407 767 2456 ut
793 2395 922 2473 Cyzicus
950 2397 987 2456 iis
1017 2384 1179 2473 tamquam
1195 2397 1266 2455 urbs
1294 2397 1392 2473 patria

75 2513 141 2556 esset
150 2497 194 2574 ⁴),
225 2497 292 2558 sine
314 2498 404 2558 dubio
430 2499 499 2558 inde
525 2500 687 2577 repetenda
713 2509 773 2572 est,
802 2499 882 2576 quod
910 2518 1071 2577 puerorum
1097 2499 1219 2558 illorum
1239 2499 1390 2577 regiorum

73 2617 186 2674 proavus
212 2597 330 2660 Sedala
350 2603 512 2678 aliquando
533 2602 635 2661 inians
655 2601 846 2680 aCyzicsnis
868 2615 1005 2679 receptus
1028 2601 1108 2680 apud
1134 2621 1188 2661 eos
1211 2602 1389 2661 adoleverat

73 2699 147 2776 lpsos
178 2703 258 2762 enim
288 2721 347 2762 non
376 2713 436 2764 tam
466 2703 570 2782 Cyzici
597 2723 687 2781 quam
709 2704 823 2764 Romae
851 2704 995 2764 educatos
1022 2722 1090 2763 esse
1117 2723 1188 2763 mox
1213 2704 1389 2764 videbimus.

73 2803 167 2864 -De
187 2805 322 2865 nummis
344 2807 543 2885 Tryphaenae
564 2807 654 2867 huius
675 2808 756 2867 infra
777 2808 891 2866 dicetur
910 2807 942 2866 in
963 2807 1137 2866 Polemone.

141 2973 171 3042 7.
211 2969 463 3074 Rhescuporis
484 3001 610 3072 patruus
632 2995 853 3073 praecedentis,
881 2992 1012 3056 Sadalae
1033 2993 1125 3074 igitur
1146 3003 1176 3052 et
1198 2992 1388 3053 Polemocra-

73 3093 120 3149 tiae
133 3094 209 3154 filius
231 3105 308 3155 natu
331 3097 480 3172 minimus,
504 3115 570 3157 eum
585 3105 729 3176 regnante
745 3097 838 3158 fratre
853 3098 884 3157 in
899 3097 1073 3156 Pannonico
1088 3095 1167 3154 bello
1188 3096 1307 3154 laudem
1329 3095 1388 3155 sibi

73 3197 210 3254 meruisset
220 3197 265 3274 ³),
295 3206 367 3275 post
387 3200 490 3260 fratris
513 3209 637 3260 mortem
665 3207 750 3276 parte
775 3201 858 3276 regni
880 3201 1038 3278 impetrata
1062 3207 1157 3257 totum
1184 3198 1242 3256 sibi
1269 3198 1388 3275 paravit

72 3297 225 3372 captivitate
247 3302 394 3379 primum,
424 3302 531 3362 deinde
553 3303 643 3361 caede
665 3302 766 3361 fratris
788 3302 856 3373 filii,
878 3303 931 3362 sed
954 3321 1012 3360 non
1035 3301 1086 3359 diu
1108 3300 1202 3360 tenuit
1223 3319 1241 3358 a
1262 3299 1385 3359 Tiberio

71 3417 148 3475 reguo
167 3402 308 3478 primum,
332 3421 403 3463 mox
424 3405 488 3463 vita
510 3405 644 3481 privatus
668 3405 712 3481 (p.
730 3403 790 3464 254
812 3405 880 3463 adn.
897 3403 940 3478 5).

73 3613 256 3626 -——-—-

137 3796 157 3858 ¹)
182 3799 249 3848 Vide
269 3797 347 3848 huius
366 3798 424 3864 eph.
444 3799 496 3848 vol.
512 3801 525 3848 1
546 3816 572 3865 p.
587 3801 640 3849 270
659 3815 713 3864 seq.

131 3886 153 3950 ¹)
175 3889 317 3941 Decretum
344 3892 381 3940 sio
411 3893 515 3956 incipit:
540 3888 592 3940 ἐπεὶ
616 3881 736 3940 'Atouria
753 3879 882 3958 Τρῦᾠαινα
986 3878 1030 3938 rio
1053 3876 1140 3940 οἰόνιον
1169 3887 1213 3938 τοῦ
1238 3883 1384 3959 psyitrnln]

72 3975 124 4028 dein
138 3979 258 4048 Τιβερίου
278 3979 416 4044 Σεβαστοῦ
437 3978 568 4051 Καίσαρος
593 3975 659 4032 οἶκον
685 3981 736 4046 [καὶ
758 3973 801 4031 rdv
824 3979 867 4032 rod
892 3978 1006 4050 dietant
1028 3975 1103 4032 ου’τοῦ
1121 3977 1234 4049 Νίρωνος
1253 3970 1384 4051 Apeiros]

73 4057 105 4116 lui
124 4065 208 4132 ααντδς
232 4067 376 4137 εὖοεβοῦσα
401 4069 617 4144 ουγκαθιέρωαῂ]
641 4073 674 4147 τῇ
692 4064 807 4124 Πολιάδι
824 4068 924 4140 Ἀθηνᾷ
942 4064 1046 4140 οἷγαλμα
1063 4071 1104 4132 εἷς
1131 4061 1222 4142 μητρδς
1240 4065 1317 4123 adedo
1336 4106 1384 4123 ...

74 4195 234 4215 ··········
262 4161 475 4236 [uapaleflloiiru
504 4154 572 4237 nupsi
600 4165 643 4231 τῆς
670 4157 766 4224 nolent
796 4160 917 4235 ἱερητεῖαν
945 4161 1055 4234 asemel.
1099 4166 1164 4218 Mox
1195 4166 1288 4217 dicitur
1314 4153 1385 4233 ἱερῆα

75 4251 188 4320 Σεβαστῆς
205 4248 372 4328 Νοεαηψὸρου.
410 4259 491 4310 Drusi
510 4275 605 4310 nomen
630 4267 657 4310 ut
675 4261 835 4326 suppleatur,
862 4260 979 4325 flagitant
997 4275 1062 4325 quae
1082 4265 1221 4324 sequuntur
1240 4259 1319 4308 rerba
1341 4255 1385 4322 τῆς

76 4336 248 4414 perficeritis.

133 4439 155 4506 ²)
178 4445 217 4494 Eo
237 4445 311 4494 ducit
330 4451 355 4494 et
374 4444 442 4510 quod
461 4445 516 4510 ipse
535 4447 676 4510 imperator
695 4443 829 4511 hipparchi
848 4445 934 4495 locum
948 4445 1036 4510 Cyzici
1055 4443 1167 4494 obtinuit
1185 4451 1238 4493 tum
1259 4459 1317 4494 cum
1337 4442 1381 4492 de-

75 4542 151 4584 cretum
173 4537 268 4586 lactum
294 4545 334 4586 est
357 4544 382 4586 et
407 4537 541 4587 universus
572 4544 646 4588 tenor
668 4538 730 4588 elus.
774 4537 889 4587 Drusilla
914 4538 984 4603 quod
1012 4537 1117 4589 Graecis
1145 4537 1238 4586 dicitur
1262 4524 1314 4583 θεοὶ
1339 4529 1382 4582 riu

73 4611 200 4690 'Atpclrinp
219 4637 320 4679 tanturn
340 4629 424 4691 abest,
449 4636 478 4680 ut
496 4631 651 4681 cordarium
670 4630 775 4696 probet,
801 4637 830 4680 ut
847 4631 920 4680 vivae
939 4631 966 4680 id
986 4631 1066 4696 magis
1086 4630 1223 4680 conveniat
1241 4642 1317 4692 quam
1338 4627 1383 4676 de·

77 4713 167 4767 iunctae.
197 4720 269 4772 Obiit
288 4729 374 4771 entem
393 4737 462 4772 anno
481 4722 541 4774 Gaii
560 4723 673 4773 seeundo
691 4739 717 4788 p.
733 4723 762 4772 C.
777 4723 821 4773 38.

135 4805 156 4869 ⁴)
177 4811 273 4876 Mater,
301 4821 329 4864 ut
348 4815 384 4863 ait
402 4815 532 4864 decretum
552 4817 674 4876 alterum,
698 4803 787 4877 τοιῖτην
807 4814 950 4879 (Cyzicum)
969 4805 1074 4883 ἦγημὶνη
1093 4807 1200 4883 πατρίδα
1221 4806 1288 4861 οἴκου
1306 4828 1333 4860 τε
1353 4805 1381 4862 rd

77 4892 169 4960 ἶὴὶοτεον
191 4899 231 4954 rel
260 4900 320 4968 βίου
343 4894 373 4954 το
398 4895 545 4978 εὐτῦχ[ημα
563 4895 741 4976 ἁνεμο]σῆτοις
762 4896 975 4974 εὔδαιμονῆαουοα
997 4905 1083 4956 τέκνων
1103 4901 1248 4968 βασιλείαις
1273 4903 1383 4956 ἐνταῢθα

78 4979 165 5043 flereat.
200 4997 260 5049 Filii
280 5013 312 5048 eo
330 4999 471 5053 adveniunt
491 4996 544 5069 οὐχ
563 4990 593 5056 dc
612 4997 648 5055 alr
665 4993 742 5066 φίλην
762 4987 843 5066 μένον,
865 4989 938 5048 stit
961 4996 1001 5048 sal
1027 4990 1057 5056 οἷς
1078 4997 1112 5056 εἰς
1134 4995 1238 5067 γνησίαν
1260 4991 1379 5066 torpida.

79 5077 156 5134 0111118
173 5099 292 5154 rogentur
310 5084 379 5139 ἰδίαν
398 5081 521 5159 ἡγεῖσθαι
540 5084 649 5160 πατρίδα
667 5078 710 5155 τὴν
728 5079 812 5141 πέλεν.

136 5173 359 5246 bmmm
