3530 5932
407 543 478 612 132
837 563 1145 614 annmnnnn'rvn
1163 562 1248 613 von.
1267 565 1297 614 11

484 737 514 796 4.
551 737 759 815 Magistratnm
781 739 885 816 populi
900 738 1028 796 Romani
1051 755 1142 815 prove
1158 737 1335 816 magistratu
1350 747 1583 798 consentaneum
1598 748 1646 812 est,
1664 744 1706 800 etsi

401 849 524 900 senator
550 859 610 898 non
637 839 691 911 sit,
718 840 849 918 exempli
877 859 968 899 causa
995 840 1133 900 tribunus
1159 841 1285 899 militum
1308 860 1327 898 a
1348 841 1459 920 populo
1481 841 1595 911 factus,
1620 844 1708 917 pariter
1757 829 1758 854 ³

401 953 490 1019 atque
517 951 685 1002 senatorem
712 943 743 1001 in
770 944 961 1002 decurionum
988 943 1055 1001 loco
1082 943 1186 1000 sedere
1212 942 1255 1017 (7,
1274 945 1300 1000 1.
1317 942 1359 1021 2).
1403 944 1518 1002 Eodem
1541 945 1634 1004 resero
1656 955 1716 1004 eun*
1757 969 1758 1018 j

401 1050 451 1122 qai
471 1050 533 1104 iare
555 1046 678 1104 dicando
697 1049 812 1121 praesit
831 1045 881 1122 (7,
903 1043 942 1122 2)
969 1046 1020 1120 qui
1043 1045 1132 1103 simul
1155 1045 1339 1118 nominatum
1368 1046 1483 1105 scilicet
1504 1046 1620 1105 videtur
1642 1047 1708 1106 intel·
1757 1047 1758 1120 t

401 1149 459 1224 legi
482 1148 598 1225 legatus
620 1148 799 1207 adsessorve
821 1147 1023 1223 proconsulis,
1047 1148 1099 1224 qui
1121 1166 1187 1206 oum
1210 1145 1351 1208 Caesaris
1373 1157 1506 1226 tempore
1528 1150 1648 1208 necdum
1667 1170 1709 1226 pra

400 1251 579 1329 magistratu
601 1257 682 1309 esset
704 1249 788 1328 (nam
808 1258 915 1325 postea
936 1250 1055 1309 demum
1076 1249 1167 1326 legati
1189 1249 1210 1308 ii
1225 1250 1296 1310 facti
1312 1259 1382 1310 sunt
1395 1269 1450 1327 pro
1463 1251 1626 1329 praetore),
1645 1270 1709 1311 seor·

405 1370 470 1412 sum
493 1353 530 1412 de
551 1371 587 1411 eo
608 1353 773 1412 carendum
795 1353 860 1410 fuit.
1757 1351 1758 1436 l

485 1457 513 1514 5.
550 1454 718 1533 Praefectus
733 1457 853 1531 fabrum
875 1459 934 1515 eiua
954 1459 1138 1532 magistratus
1155 1474 1247 1533 prove
1267 1461 1439 1533 magistrata
1453 1462 1504 1534 qai
1516 1461 1710 1534 promarum
1757 1443 1758 1514 l

400 1557 612 1633 Hispaniarum
631 1559 790 1617 ulteriorem
809 1558 940 1618 obtinebit
961 1558 1004 1633 (7,
1024 1557 1058 1634 4)
1079 1559 1150 1618 licet
1169 1561 1301 1636 equestri
1320 1560 1387 1619 loco
1410 1568 1497 1634 esset,
1520 1560 1612 1619 nihilo
1632 1561 1710 1618 minus
1757 1545 1758 1640 i

402 1660 481 1718 inter
502 1660 678 1720 decuriones
701 1661 728 1719 ei
750 1661 903 1737 spectandi
924 1662 972 1719 ius
994 1661 1059 1720 fuit.

260 1759 391 1811 Locidati
484 1762 621 1840 Denique
648 1764 730 1840 quod
750 1764 781 1822 in
803 1763 883 1822 ludis
904 1764 1049 1822 scaenicis
1070 1764 1194 1824 edendis
1216 1763 1395 1825 acxxv1
1415 1782 1517 1825 eorum
1545 1765 1710 1824 dominoita
1757 1761 1758 1836 i

290 1835 358 1884 ludis
402 1866 408 1878 ·

261 1909 386 1959 scaenicis
400 1883 448 1923 rus
470 1865 557 1924 datur
577 1866 709 1925 locurum
733 1865 909 1938 dandorum,
932 1874 966 1923 nt
986 1867 1013 1925 si
1035 1885 1124 1944 quam
1145 1866 1241 1944 legem
1263 1867 1439 1927 decuriones
1462 1868 1490 1926 ei
1506 1869 1549 1927 rei
1564 1869 1710 1947 posuerint
1757 1847 1758 1934 i

266 1982 383 2032 decano·
399 1967 426 2026 ei
453 1968 717 2046 obtemperandum
745 1968 798 2041 sit,
826 1969 954 2045 pertinet
979 1968 1010 2028 id
1036 1969 1255 2046 quodammodo
1281 1970 1320 2029 ad
1343 1971 1472 2030 ambitus
1494 1970 1591 2050 leges,
1619 1971 1711 2048 quibus

260 2072 320 2105 ”¹¹¹¹
340 2056 384 2106 ¹¹⁰·
400 2069 436 2128 de
458 2069 539 2144 hisce
561 2071 636 2130 locis
658 2070 764 2130 dandis
787 2070 944 2148 diligenter
965 2071 1171 2147 cavebatur¹)‚
1193 2091 1374 2149 quamquam
1396 2073 1426 2131 id
1447 2074 1548 2150 ipsum
1564 2073 1712 2150 ludosqui·

289 2137 359 2180 mm
401 2191 527 2250 cumque
548 2173 653 2233 fierent
674 2183 809 2233 senatum
830 2173 873 2233 ita
894 2173 1078 2233 moderatum
1100 2193 1167 2234 esse
1190 2175 1262 2234 alibi
1284 2194 1344 2234 non
1364 2175 1501 2235 traditur.

261 2803 389 2853 Decnrto-
481 2792 672 2850 Deoariooam
693 2793 871 2850 vocabulum
896 2793 926 2850 in
954 2793 1020 2869 lege
1046 2800 1222 2869 perpetuum
1249 2800 1296 2852 est
1324 2811 1419 2869 neque
1449 2811 1574 2868 usquam
1602 2794 1713 2859 additur,

301 2892 346 2927 ¹¹³⁸
401 2894 482 2971 qnod
504 2893 623 2953 additur
643 2902 788 2970 perpetuo
810 2895 841 2953 in
862 2896 929 2974 lege
944 2895 1023 2953 Iulia
1044 2896 1217 2971 municipali
1238 2903 1268 2952 et
1290 2894 1404 2970 passim
1425 2897 1456 2953 in
1472 2893 1589 2956 Fluviis
1606 2897 1726 2974 legibus·

1757 3701 1758 3742 t

400 3001 594 3073 coascmptiae.
612 3032 649 3042 -
671 2995 803 3055 Decurio
825 2997 960 3056 coloniae
980 2999 1101 3074 quinam
1124 2999 1189 3086 lieri
1210 3007 1314 3076 posset
1335 2997 1382 3056 vel
1404 3017 1464 3056 non
1485 3009 1592 3076 posset
1611 3000 1641 3057 in
1660 3000 1714 3074 lege

400 3101 597 3177 perscriptum
623 3099 716 3158 fuisse
743 3099 815 3157 inde
840 3099 1034 3176 intellegitur,
1060 3101 1141 3176 qnod
1167 3121 1191 3159 c.
1216 3098 1258 3159 ct
1283 3101 1476 3177 magistratus
1504 3101 1572 3160 eius
1594 3100 1714 3178 petitoria

398 3202 526 3262 comitiis
548 3201 694 3261 rationem
713 3201 824 3260 habere
845 3211 972 3273 vetatur,
998 3220 1085 3279 quem
1107 3203 1145 3260 ob
1168 3221 1258 3280 quam
1280 3220 1402 3261 causam
1423 3203 1613 3262 decurionem
1634 3202 1714 3261 nomi·

398 3305 464 3363 nari
485 3322 544 3362 non
567 3303 664 3376 liceat,
687 3305 757 3362 item
780 3323 804 3362 c.
822 3302 876 3363 CV
898 3305 949 3382 qni
969 3314 1091 3382 propter
1105 3306 1311 3382 indignitatem
1327 3304 1430 3364 ordine
1445 3313 1545 3364 motus
1561 3315 1617 3377 est,
1639 3307 1714 3364 etism

398 3408 436 3465 ab
458 3406 621 3465 honoribus
644 3406 780 3482 petendis
802 3415 932 3478 arcetum
960 3415 993 3464 ut
1015 3408 1151 3466 similiter
1170 3408 1202 3465 in
1224 3407 1290 3484 lege
1309 3409 1484 3484 municipali
1506 3405 1647 3467 Caesaris
1667 3408 1715 3465 dic·

397 3507 538 3585 tatorisi)
561 3509 609 3567 cni
631 3529 667 3568 ea
685 3509 753 3586 lege
776 3510 806 3567 in
827 3509 1037 3568 decurionibus
1060 3527 1125 3569 esse
1148 3529 1207 3568 non
1230 3510 1328 3582 liceat,
1348 3510 1536 3569 interdicitur
1556 3513 1596 3570 ab
1615 3513 1714 3570 honore

398 3630 433 3671 eo
460 3611 602 3687 petendo,
630 3630 667 3669 ex
694 3628 754 3688 quo
780 3611 811 3669 in
839 3630 905 3669 eum
933 3595 1066 3671 ordinem
1094 3612 1293 3688 perveniatur.
1336 3611 1465 3689 Propter
1486 3611 1517 3670 id
1540 3615 1639 3691 ipsum
1659 3631 1714 3670 cum

398 3715 429 3772 in
452 3732 520 3772 aere
542 3715 602 3786 1‚1
628 3713 803 3773 decuriones
827 3731 956 3791 augures
979 3713 1135 3791 pontifices
1157 3714 1244 3773 annis
1259 3713 1288 3770 V
1307 3715 1456 3792 proximis
1478 3722 1637 3792 postquam
1656 3713 1715 3772 faeti
1757 3743 1758 3754 κ

400 3816 460 3874 sint
482 3815 664 3874 domicilium
685 3815 715 3872 in
738 3817 840 3874 urbem
862 3815 1026 3874 transferre
1047 3817 1197 3888 iubentur,
1219 3817 1413 3893 magistratus
1434 3835 1494 3875 non
1509 3817 1715 3879 adscribuntur,
1757 3875 1758 3896 χ

399 3919 514 3978 scilicet
535 3918 711 4002 IIviruliciis
735 3927 765 3976 et
785 3917 929 3976 aediliciis
951 3918 1019 3995 ipso
1041 3918 1105 3977 iure
1127 3920 1205 3978 inter
1226 3918 1400 3978 decuriones
1427 3920 1561 3980 adscitis.
1607 3919 1663 3982 Sed
1686 3935 1715 3974 ea
1757 3905 1758 3912 ἵ

266 4033 372 4084 Ordinis
397 4039 468 4098 pars
490 4021 580 4097 legis,
603 4041 663 4098 qna
683 4020 888 4078 continebatur
910 4019 1030 4080 decurio
1052 4022 1104 4096 qui
1125 4021 1189 4079 fieri
1211 4029 1325 4097 posset,
1353 4021 1391 4078 ad
1411 4039 1467 4080 nos
1490 4041 1550 4080 non
1577 4021 1715 4100 perventa

264 4108 378 4158 ”hmini
398 4125 585 4184 solummodo
619 4143 658 4182 ex
691 4121 840 4195 clausula,
872 4141 950 4199 quae
982 4122 1019 4180 de
1051 4123 1227 4200 indignitate
1260 4123 1430 4184 decurionis
1457 4135 1619 4200 propterea
1644 4119 1715 4199 qnod

400 4335 603 4346 ——--

473 4494 497 4557 ¹)
526 4494 617 4545 Cicero
641 4509 689 4558 pro
707 4495 818 4544 Murena
836 4495 885 4556 32,
906 4494 953 4545 67:
978 4492 1070 4544 dr'airti
1086 4501 1186 4545 senam
1205 4494 1341 4545 sarmitum
1359 4510 1395 4546 me
1413 4493 1536 4560 referente
1554 4511 1607 4547 ease
1618 4496 1715 4562 sartan,

464 4588 489 4636 ei
509 4584 698 4652 gladiatoribus
722 4585 796 4653 culpo
822 4585 891 4637 locere
915 4585 1022 4646 tributas
1045 4594 1069 4637 et
1093 4587 1150 4636 item
1164 4584 1283 4653 'prandia
1301 4588 1330 4636 ai·
1343 4587 1417 4654 uudyo
1437 4596 1518 4638 essent
1537 4587 1613 4651 data,
1638 4595 1716 4639 canna
1757 4623 1758 4692 p

396 4679 473 4746 legem
490 4676 653 4746 Calpurniam
663 4678 764 4745 sactum
781 4677 870 4730 videri.
903 4680 936 4730 Id
954 4680 1048 4730 deinde
1067 4687 1172 4729 enamat
1191 4696 1212 4730 c.
1227 4680 1270 4730 34.
1286 4681 1328 4730 35.
1363 4680 1454 4730 Cicero
1473 4682 1500 4730 in
1513 4683 1602 4732 Vetin.
1620 4679 1660 4742 15,
1675 4681 1715 4730 3⁷:
1757 4693 1758 4722 t

396 4789 450 4822 eam
468 4787 522 4822 mea
541 4771 581 4822 tex
599 4769 711 4822 dilucide
728 4779 792 4822 vetet
811 4769 907 4822 biennia
929 4788 975 4838 qua
996 4772 1051 4839 pur's
1065 4778 1139 4839 petat
1152 4773 1307 4840 petiarrarue
1326 4772 1360 4822 sit
1375 4771 1537 4839 gladiatores
1555 4772 1619 4824 dare
1634 4774 1681 4822 uiri
1692 4787 1717 4820 er

396 4870 538 4915 testamenta
553 4865 709 4931 praestituta
727 4862 776 4914 dte.

472 4973 497 5040 ²)
525 4994 549 5029 v.
570 4977 631 5028 1³5.
669 4979 755 5030 Edam
779 4977 844 5043 legia
862 4978 1035 5030 Malacitanae
1059 4995 1084 5030 c.
1098 4979 1177 5031 LIIII
1200 4980 1376 5044 magistrumn
1400 4987 1488 5045 petere
1506 4989 1608 5031 vetatur
1632 4981 1673 5046 qni
1694 4979 1715 5025 in

397 5087 480 5121 eoram
504 5086 555 5138 qua
573 5085 652 5121 caasa
669 5071 730 5132 erit,
751 5077 859 5138 propter
878 5087 963 5137 pacta,
991 5073 1015 5121 ei
1033 5071 1116 5134 eiicia)
1136 5070 1283 5134 statana)
1303 5077 1377 5132 eam,
1403 5073 1430 5122 ia
1450 5089 1549 5123 amero
1566 5071 1716 5124 &cumam

397 5164 639 5232 conuitiorumque
663 5177 715 5213 eam
740 5177 792 5213 esse
815 5179 865 5214 aaa
884 5163 981 5228 licaet3
1007 5180 1057 5230 quo
1076 5165 1230 5216 remittimur
1249 5165 1281 5215 ad
1301 5166 1381 5230 ipsam
1401 5165 1485 5230 legem
1503 5167 1599 5217 Iuliam
1618 5163 1714 5215 muniri-

399 5257 493 5321 palem.
529 5257 564 5307 V.
585 5270 677 5307 comm.
697 5271 783 5307 meum
801 5271 826 5323 p.
841 5255 904 5308 417.
