3530 5932
496 540 571 591 unx
591 539 672 591 oon.
694 539 922 590 snuarrvan.
1305 521 1374 590 133

65 713 202 771 libertinus
229 713 269 771 sit
295 715 503 789 quaestionem
530 715 594 773 fieri
622 721 702 770 vetat
729 713 781 788 (5,
798 711 865 788 21),
895 712 951 770 boc
978 711 1175 788 intellegitur,
1202 731 1268 770 cum
1291 732 1377 789 prae·

65 827 133 874 terea
156 813 273 874 decurio
301 817 365 874 lieri
393 835 452 876 nou
481 828 585 892 posset
612 817 671 874 nisi
691 815 894 892 ingenuus¹)‚
920 815 950 872 iu
973 814 1091 874 colonia
1112 813 1262 874 Genetiva
1288 815 1376 873 etiam

63 917 202 975 libertinos
230 935 298 976 cum
327 919 365 976 ad
394 919 524 978 honores
552 931 612 977 tum
642 919 672 977 in
703 919 815 976 curiam
845 917 995 976 admissos
1024 935 1101 976 esse.
1150 916 1256 993 Neque
1283 917 1313 975 in
1341 937 1376 974 eo

63 1019 116 1076 solo
139 1019 245 1095 oppido
272 1020 302 1078 id
326 1017 449 1080 Caesari
477 1022 595 1080 videtur
620 1021 780 1097 placuisse.
824 1020 872 1078 Ex
899 1020 1018 1078 colonia
1043 1019 1122 1078 Iulia
1143 997 1272 1092 Gurubi,
1301 1038 1377 1095 quae

62 1121 86 1177 in
109 1121 204 1178 Africa
235 1130 299 1194 est,
332 1141 427 1198 nuper
457 1123 584 1182 innotuit
615 1124 719 1182 titulus
749 1120 848 1198 bic⁹):
886 1121 916 1180 0.
951 1122 1072 1182 Caesare
1098 1127 1165 1199 imp.
1201 1141 1258 1180 cos.
1289 1123 1376 1198 Ilpa]

62 1223 98 1292 (a
119 1222 191 1298 709)
221 1223 260 1282 L.
290 1224 464 1301 Pomponius
491 1225 529 1284 L.
558 1227 576 1284 l.
604 1224 747 1301 Molo[as]
775 1227 830 1284 duo
857 1230 902 1282 cir
924 1225 953 1284 1⁷
967 1245 1078 1283 murum
1099 1226 1200 1300 oppidi
1229 1234 1316 1282 totum
1345 1243 1377 1282 aa

61 1343 117 1382 saro
143 1327 285 1401 quadrato
311 1327 547 1404 aedific(anduot)
575 1327 736 1404 coer(aoit).
781 1326 962 1406 Nuperrime
990 1327 1061 1386 item
1089 1327 1221 1386 Formiis
1251 1327 1376 1386 alterum

61 1427 241 1504 lrabuimusi)
270 1429 404 1488 eiusdem
433 1431 495 1489 lere
523 1431 629 1490 aetatis
659 1430 745 1505 (nam
776 1431 823 1489 cui
851 1429 969 1507 positus
999 1437 1058 1501 est,
1087 1447 1231 1487 accensus
1259 1430 1316 1488 fuit
1339 1429 1374 1486 T.

59 1527 140 1588 Sextii
166 1531 230 1588 eius
261 1531 314 1608 qui
345 1531 517 1590 Numidiam
546 1533 674 1591 obtinuit
705 1551 732 1590 a.
759 1551 787 1588 u.
814 1551 839 1590 c.
866 1531 1055 1607 710-713)
1084 1531 1128 1588 Μ.
1161 1531 1254 1590 Caelii
1281 1531 1324 1590 M.
1356 1532 1375 1589 l.

58 1631 194 1690 Plr'lerotis
220 1633 428 1710 Curtlo9(iae)
455 1634 604 1710 aed(ilis),
628 1633 797 1710 praedocti)
819 1639 838 1692 i.
862 1635 890 1710 d.
914 1676 1000 1704 ....,
1028 1633 1148 1708 IIoir(i)
1175 1633 1300 1711 Clupeas
1322 1635 1375 1692 bis.

59 1731 253 1811 Carthaginem
279 1737 426 1795 coloniam
450 1737 604 1796 deductam
627 1755 695 1796 esse
716 1757 735 1795 a
756 1734 887 1795 Caesare
911 1745 1014 1794 notum
1036 1744 1095 1806 est;
1119 1733 1235 1812 Clupea
1256 1755 1375 1814 quoque

58 1837 180 1912 oppidum
204 1835 320 1898 Gurubi
350 1840 519 1916 proximum
548 1850 577 1898 et
603 1839 672 1916 ipsa
698 1839 775 1898 inter
803 1837 938 1898 colonias
966 1837 1059 1896 Iulias
1087 1837 1204 1912 videtur
1229 1838 1374 1916 tuisse4).

59 1937 191 1997 Tenemus
218 1940 314 2018 igitur
340 1949 400 2001 tres
423 1941 559 2001 colonias
582 1959 694 2018 casque
716 1941 809 2000 Iulias
833 1939 973 2000 Caesaris
996 1940 1150 2000 dictatoris
1172 1958 1289 2012 ornnes,
1317 1941 1374 2002 Ur·

59 2057 144 2099 sonem
164 2043 196 2100 in
211 2042 366 2118 Hispania
384 2044 533 2110 ulteriore,
557 2041 700 2110 Curubim
717 2054 746 2102 et
760 2042 905 2119 Clupeam
923 2044 953 2101 iu
970 2042 1083 2113 Africa,
1106 2043 1157 2100 ubi
1173 2052 1292 2119 praeter
1306 2063 1374 2102 con-

59 2143 224 2202 suetudinem
255 2145 404 2204 libertinis
432 2146 549 2205 licuerit
575 2147 703 2206 honores
731 2155 831 2223 petere
854 2155 883 2205 et
903 2146 935 2203 iu
957 2145 1040 2204 curia
1063 2145 1176 2205 sedere.
1219 2146 1284 2205 Iam
1308 2165 1374 2204 cum

58 2265 138 2304 rerum
171 2255 313 2306 auctores
347 2248 478 2307 reserant
506 2246 667 2308 Caesarem
695 2248 846 2326 octoginta
873 2248 982 2308 civium
1010 2247 1132 2306 milibus
1161 2249 1192 2306 iu
1229 2256 1374 2308 transma-

57 2347 123 2404 rinas
149 2350 288 2408 colonias
316 2350 485 2410 distributis
514 2351 616 2409 urbem
647 2350 865 2427 exlrausisse⁵)
894 2368 1005 2426 eosque
1033 2371 1071 2410 cx
1100 2350 1240 2410 libertino
1266 2369 1374 2428 genere

57 2451 167 2508 uariare
194 2452 390 2529 traxisset),
417 2455 543 2531 primum
572 2453 765 2532 intellegitur,
793 2472 845 2512 cur
869 2453 900 2511 in
927 2452 1052 2511 coloniis
1078 2453 1140 2512 illis
1166 2454 1373 2513 transmarinis

56 2569 107 2609 cun
128 2555 255 2628 primum
279 2555 458 2614 decuriones
481 2557 735 2634 magistratusque
755 2563 927 2614 crearentur
949 2553 1031 2630 (nam
1046 2562 1190 2631 perpetuo
1206 2556 1236 2613 id
1251 2556 1373 2615 licuisse

56 2672 222 2730 nequaquam
252 2657 410 2732 probabile
432 2657 496 2734 est)
525 2661 616 2718 etiam
638 2659 770 2718 libertini
791 2658 926 2716 homines
948 2656 1059 2734 pariter
1080 2665 1170 2733 atque
1191 2659 1312 2736 ingenui
1334 2660 1374 2716 ad

57 2753 166 2818 honores
195 2759 323 2818 admissi
352 2761 551 2821 inveniantur.
599 2761 717 2820 Deinde
745 2761 815 2819 item
845 2761 1026 2838 patefactum
1056 2768 1116 2831 est,
1149 2759 1267 2818 colonia
1295 2760 1375 2818 Iulia

56 2855 184 2919 Genetiva
206 2880 301 2938 quam
324 2863 362 2921 ob
385 2882 505 2923 causam
529 2865 608 2924 dicta
629 2865 669 2923 sit
689 2863 880 2924 Urbanorum
902 2861 944 2938 (v.
967 2882 995 2938 p.
1016 2861 1098 2939 119).

122 2961 325 3024 Decurionem
360 2985 399 3025 ex
433 2968 536 3025 ordine
569 2967 624 3026 eici
652 2967 787 3042 potuisse
819 2983 934 3042 poenae
964 2964 1084 3023 nomine
1111 2963 1222 3023 iudicio
1250 2964 1371 3041 publico
1384 2965 1511 3018 Iudicium

58 3065 140 3138 populi
166 3065 300 3125 Romani
335 3069 563 3128 condemnatum
596 3069 663 3128 iura
690 3087 766 3147 quae
795 3075 956 3145 supersunt
983 3067 1057 3126 satis
1085 3065 1282 3144 testanturl).
1331 3040 1517 3164 Atriilalbdrlb:

56 3165 127 3224 eb'sm
147 3169 225 3247 apud
249 3169 446 3246 magistratus
469 3172 664 3248 municipales
685 3171 874 3230 decurionem
890 3169 926 3228 de
941 3169 1116 3246 indignitate
1130 3169 1264 3228 accusari
1280 3187 1370 3247 posse
1392 3189 1504 3239 curionis

56 3285 132 3344 ecque
157 3271 273 3330 iudicio
301 3272 422 3349 publico
448 3272 676 3333 condemnatum
698 3294 715 3332 e
737 3283 843 3332 senatu
864 3273 934 3345 eici,
961 3271 1079 3348 quade
1101 3291 1133 3330 re
1154 3282 1278 3332 cavetur
1298 3273 1374 3350 legis

56 3387 75 3424 ο.
91 3369 149 3443 CV,
176 3375 305 3434 omnino
338 3369 541 3447 novum'est3
575 3376 712 3452 equidem
744 3385 824 3435 certe
852 3395 912 3435 non
940 3375 1057 3452 repperi
1086 3375 1166 3452 quod
1193 3384 1310 3435 constet
1337 3395 1373 3435 eo

55 3473 233 3553 pertineret).
274 3475 355 3536 Nam
378 3478 458 3555 quod
480 3479 616 3555 proxime
638 3478 754 3538 accedit
775 3479 921 3567 Pompeia
941 3477 1007 3554 lega
1030 3477 1066 3536 de
1088 3475 1231 3555 Bithynia
1251 3480 1373 3557 provin·

60 3637 243 3653 *ἦ*

115 3752 137 3814 1)
163 3756 220 3806 Lex
234 3755 333 3806 Malae.
353 3772 374 3806 a
391 3755 426 3807 54
445 3773 503 3807 eum
516 3758 702 3808 commentario
718 3773 776 3808 meo
795 3775 820 3824 p.
834 3758 897 3808 416.
925 3759 1078 3826 Marqucrdt
1091 3757 1254 3811 Stootsoerro.
1270 3760 1294 3820 1,
1309 3757 1371 3808 497.

114 3841 137 3906 'l
163 3843 266 3898 Gabrin
286 3863 343 3914 noy.
363 3863 393 3898 ea
416 3847 519 3900 Tuas'sie
538 3852 564 3912 2,
580 3851 640 3900 212.
680 3849 721 3900 cf.
740 3851 894 3915 Marquardt
913 3849 1076 3904 Stootsuesac.
1093 3855 1117 3915 1,
1132 3852 1184 3902 318
1205 3869 1230 3902 n.
1246 3851 1270 3902 8.

115 3935 137 3998 ³)
163 3937 272 3990 Baetem
292 3935 350 3990 dell'
371 3941 484 3992 instincto
507 3941 576 3991 1873
595 3959 620 4008 p.
636 3941 679 3992 37.

116 4029 139 4090 ¹)
166 4031 281 4082 Curubis
299 4041 326 4082 et
345 4033 457 4098 Clupeas
463 4070 471 4096 ‚
493 4049 558 4099 quae
576 4035 711 4100 proximae
731 4041 798 4098 sunt,
819 4035 998 4086 condicionem
1018 4037 1126 4086 eandem
1145 4037 1224 4087 fuisse
1243 4036 1372 4101 signifieat

54 4115 227 4174 Pluinna.
248 4126 281 4187 5,
301 4126 332 4186 4,
353 4127 401 4176 24:
425 4125 529 4177 liberam
547 4125 685 4194 (oppidum)
710 4123 806 4194 Clupea
824 4128 850 4176 s'n
867 4130 1038 4194 promuntorio
1057 4127 1194 4192 Mercurio,
1214 4129 1271 4179 item
1291 4127 1372 4178 libera

57 4209 154 4264 tantu.
193 4217 320 4283 Denique
339 4225 446 4284 ubsque
465 4219 556 4270 habuit
574 4220 615 4270 rel
635 4219 755 4270 Caesaris
774 4227 889 4286 tempore
908 4221 1065 4271 duumviros.

115 4304 137 4366 ⁵)
164 4309 275 4362 Saeton.
296 4309 372 4361 Caes.
391 4313 435 4362 42.
819 4375 824 4388 Ι

115 4395 137 4459 ‘l
164 4402 263 4452 Strabo
281 4405 312 4464 3,
327 4403 358 4464 6,
374 4403 421 4453 23:
443 4403 604 4466 (Corinthus)
624 4389 756 4470 ἀνελήφθη
775 4391 852 4453 πάλιν
871 4395 918 4453 rias*
937 4401 1067 4473 Καίσαρος
1085 4403 1128 4456 τοῦ
1147 4402 1211 4455 θεοῦ
1300 4397 1371 4456 irrei-

53 4503 97 4542 mt
112 4485 253 4559 rippam:
272 4492 317 4544 τοῦ
336 4489 533 4563 ἆπολιυθορικοΰ
550 4492 633 4564 pivone
650 4494 795 4554 πλείστους.
828 4497 900 4548 Idem
920 4500 1009 4549 scribit
1024 4497 1066 4560 17,
1081 4497 1107 4562 3,
1124 4499 1157 4549 15
1171 4515 1195 4564 p.
1207 4497 1259 4548 333
1279 4500 1371 4548 eodem

54 4589 151 4646 ‘tmpore
177 4585 318 4638 Caesarem
339 4588 523 4654 Carthaginem
547 4590 647 4640 misisse
672 4579 784 4646 ἕποι’κους
801 4579 929 4660 ‘Pupaiur
951 4579 1008 4648 sarie
1029 4587 1235 4661 προαιρουμένους
1259 4583 1301 4639 καὶ
1324 4588 1371 4640 sair

54 4675 189 4728 “curastis
206 4695 287 4736 τινας.

116 4765 138 4830 ¹)
165 4772 207 4821 Ita
226 4773 320 4823 ordina
339 4781 474 4824 moventur
492 4775 536 4839 qui
553 4773 647 4824 falsum
667 4775 842 4825 testimonium
862 4775 983 4826 dixerunt
1002 4775 1108 4838 (Paulus
1127 4776 1316 4838 s.r.b,15,b
1337 4777 1369 4826 cl.

54 4853 103 4920 [lig.
115 4861 157 4924 tt,
173 4865 217 4927 10,
234 4865 279 4928 13,
295 4864 330 4927 1),
350 4867 411 4916 item
430 4867 514 4931 abigei
534 4865 605 4931 (Dig.
620 4865 664 4928 4⁷,
680 4867 723 4930 14,
739 4869 763 4916 1.
778 4866 813 4929 3),
834 4867 994 4918 stellionatus
1012 4868 1049 4918 rei
1070 4869 1200 4933 (1213.st
1216 4870 1258 4930 20,
1274 4869 1299 4940 3,
1315 4868 1351 4931 3).

116 4949 138 5014 ³)
166 4955 246 5016 Quod
271 4960 454 5024 rescripserunt
478 4959 531 5008 divi
555 4959 648 5009 fratres
671 4976 719 5009 noa
744 4957 844 5008 admitti
865 4966 955 5009 contra
978 4958 1061 5011 dicero
1079 4960 1211 5023 uolentem,
1237 4959 1304 5026 quod
1321 4977 1370 5010 noa

55 5053 107 5098 reete
128 5051 183 5116 puis
206 5051 243 5100 sit
267 5057 367 5101 erectus
391 5050 506 5112 decurio,
532 5067 586 5101 cum
610 5052 682 5101 initio
704 5058 793 5102 contra
813 5051 897 5101 dicere
916 5049 1029 5104 debuerit
1047 5052 1122 5118 (Dig.
1142 5053 1191 5114 50,
1213 5055 1242 5114 2,
1266 5052 1311 5116 13,
1332 5053 1368 5115 3),

55 5151 192 5206 qumquam
218 5143 290 5208 apud
314 5145 476 5210 magistratus
501 5143 667 5208 municipales
692 5151 783 5194 contra
801 5143 939 5194 dicendum
957 5145 1018 5208 fuit,
1043 5146 1137 5210 quippe
1156 5147 1190 5196 ad
1210 5161 1274 5212 quos
1293 5145 1369 5194 decu·

56 5229 142 5284 danum
160 5237 259 5286 creatio
278 5243 413 5301 spectaret,
434 5237 540 5288 omnino
560 5237 689 5288 diversum
708 5243 746 5286 est
766 5237 798 5286 ab
819 5236 895 5286 buius
912 5237 976 5302 legis
995 5237 1092 5288 iudicio
1110 5238 1222 5306 publico.
