3530 5932
371 479 441 550 182
938 498 1118 551 conssun:

981 602 1132 609 *-

453 672 545 730 Cotol.
569 675 604 748 os
620 672 664 731 tlte
684 670 737 730 Gr.
760 676 832 730 eoin.
848 673 925 765 Brit.
941 673 1021 731 Mur.
1036 673 1108 730 Ital.
1127 692 1159 748 p.
1174 671 1236 742 121,
1258 661 1333 730 2127.
1378 671 1477 730 Huius
1499 675 1611 731 nummi
1632 673 1681 730 duo

367 774 463 833 adhuc
485 774 670 849 exemplario
691 778 896 847 innotuerunt,
925 793 1050 850 quorum
1072 774 1197 832 alterum
1219 778 1250 831 in
1273 785 1425 850 segmento
1451 780 1586 851 poeticae
1607 775 1682 834 habet
1747 813 1748 834 ι

366 875 494 934 litteras:
518 877 666 952 deqvinum
686 894 741 950 ro.
757 875 761 950 Ι
775 921 782 934 .
795 897 855 949 ore,
876 877 1017 937 alterum:
1041 881 1186 954 ‚egvinum
1205 895 1261 934 ro.
1276 878 1280 953 Ι
1295 895 1390 948 ⁸oum,
1412 881 1455 934 ite
1467 888 1577 949 temen,
1599 889 1628 934 ut
1646 879 1682 935 ul·

268 981 269 985 ’
366 983 440 1036 timu
460 978 561 1037 littere
581 997 641 1037 non
663 983 744 1037 omni
771 979 953 1038 dubitatione
981 985 1121 1056 exempta
1147 983 1187 1038 sit
1212 977 1358 1055 (Fecit,
1386 978 1456 1037 Oelc·
1479 979 1579 1037 Mtiuz.
1601 989 1619 1036 t.
1634 979 1681 1049 ll',

367 1080 442 1140 Noc.
460 1080 489 1152 2,
508 1100 541 1157 p.
559 1080 611 1153 22,
628 1080 731 1158 Μ).
763 1081 828 1140 Iam
844 1100 914 1140 vero
936 1093 1108 1158 comparato
1128 1085 1224 1138 musei
1239 1079 1405 1139 Britannici
1427 1081 1601 1158 exemplet-i,
1622 1099 1683 1156 quo-

366 1187 447 1241 niam
469 1201 515 1240 nm
537 1181 651 1243 detritis
673 1194 724 1242 out
743 1187 863 1243 omissis
878 1184 1057 1261 quibusdem
1078 1187 1143 1262 typi
1164 1183 1351 1241 lineamentis
1374 1183 1460 1242 focile
1482 1201 1522 1242 ex
1544 1203 1609 1241 oum
1629 1201 1683 1240 eor·

367 1289 464 1360 rumpi
493 1293 625 1360 poteret,
653 1290 685 1345 in
709 1288 757 1345 his
779 1287 918 1346 omnibus
945 1290 1074 1345 nummis
1097 1286 1213 1344 videtur
1234 1289 1377 1363 scriptum
1399 1285 1508 1344 suisne:
1537 1286 1683 1360 Depcinun

367 1388 571 1460 Bo..onum,
599 1393 642 1445 itu
663 1399 696 1447 ut
716 1389 764 1446 hie
785 1388 947 1447 habeamus
968 1387 1028 1446 duo
1050 1390 1197 1464 genitivos
1222 1386 1351 1464 pluralis
1373 1388 1506 1446 eiusdem
1528 1393 1639 1464 generis
1658 1397 1684 1444 nt

367 1489 551 1548 Noekrinum
574 1489 793 1566 (Nuolcirinum)
809 1489 1020 1567 Alosoternum.
1058 1489 1133 1548 Illoe
1150 1505 1222 1547 vero
1244 1493 1391 1566 genitivos
1413 1489 1452 1547 ed
1467 1487 1610 1548 Castores
1629 1509 1683 1566 per·

367 1596 474 1666 tinere,
498 1596 554 1650 riri
576 1596 620 1651 rei
642 1593 827 1652 nummariae
848 1596 935 1670 periti
958 1611 1018 1651 nou
1039 1602 1148 1650 temere
1169 1595 1372 1664 coniecerunt,
1395 1591 1600 1650 demonstrare
1620 1591 1683 1648 diffi-

368 1695 425 1754 cile
439 1705 494 1767 eet,
515 1696 610 1755 donec
632 1695 784 1772 exemplar
805 1695 918 1754 nummi
941 1713 1008 1753 cum
1030 1695 1146 1771 integra
1166 1697 1359 1770 inscriptione
1380 1697 1412 1753 in
1426 1693 1522 1754 lucem
1545 1693 1684 1772 prodierit.

899 2365 1169 2428 SURRENTUM.

370 2535 427 2594 66.
450 2537 606 2613 Amphora
625 2535 747 2594 iuventa
771 2535 803 2594 in
840 2535 905 2594 Vtco
929 2534 1063 2611 Equenee
1089 2537 1182 2594 cicino
1210 2555 1230 2595 a
1250 2531 1406 2609 Sernota,
1432 2555 1514 2596 nuno
1542 2537 1573 2595 in
1593 2553 1684 2596 museo

411 2637 625 2717 Neapolitano,
646 2639 677 2697 in
699 2655 775 2696 enee
795 2638 885 2697 habet
906 2637 1041 2697 titulum:

930 2771 1119 2875 papesavfi

929 2915 1046 2992 Papius
1068 2917 1185 2975 Aulius.

453 3055 670 3132 Apogrephum
692 3053 763 3111 mihi
786 3053 923 3130 praebuit
944 3053 1002 3111 Th.
1017 3053 1194 3112 Mommsen.
1217 3051 1312 3128 Popee
1333 3062 1378 3112 eet
1400 3054 1600 3113 nominativus
1621 3051 1684 3110 eius-

369 3157 437 3215 dem
458 3157 571 3216 formae
592 3175 627 3214 no
650 3157 781 3217 Σεστες
803 3155 993 3214 Lucanorum
1022 3154 1073 3232 (cs.
1096 3177 1123 3213 η.
1146 3155 1210 3232 96),
1232 3155 1298 3231 Avfi
1320 3147 1387 3214 iri-i
1422 3173 1478 3233 pro
1502 3160 1577 3215 ·iu-e
1598 3154 1684 3212 termi-

369 3268 469 3331 natus,
504 3268 538 3318 ut
559 3258 667 3335 Poopi,
700 3258 798 3329 Helui,
834 3257 905 3317 Silii
931 3257 1117 3330 nominativi,
1152 3257 1270 3317 videtur
1302 3275 1467 3334 cognomen
1501 3277 1568 3318 esse
1596 3257 1685 3316 eadem

371 3363 465 3438 stirpe
488 3369 585 3419 ortum
607 3380 674 3420 cum
695 3359 805 3419 Latino
828 3361 1003 3437 cognomine
1026 3362 1199 3437 Aufidianus
1221 3369 1340 3419 etcum
1361 3360 1534 3421 nominibus
1555 3360 1685 3435 Aufidius,

370 3464 538 3540 Aufidenur,
560 3463 729 3540 Aufidienut
757 3462 870 3536 Ofdiue‚
897 3461 976 3539 Ofioe
992 3461 1123 3541 (Aofiue)
1145 3462 1224 3536 aliie,
1246 3480 1374 3539 quorum
1396 3472 1443 3522 eet
1462 3464 1605 3542 frequent
1625 3477 1684 3519 noue

370 3566 402 3624 iu
423 3566 596 3644 regionibus
612 3564 762 3642 quondum
780 3564 879 3625 Oscis.

869 4043 879 4079 l

727 4237 979 4299 CAMPANIAE
1004 4237 1118 4300 LOCA
1141 4237 1340 4300 INGERTA.

372 4423 429 4484 67.
465 4424 611 4483 Poonlum
633 4425 724 4484 fictile
745 4431 831 4504 nigro
846 4426 946 4485 colore
967 4431 1068 4486 inusto
1091 4446 1158 4486 cum
1180 4447 1240 4485 una
1260 4444 1334 4486 ensa
1355 4431 1386 4484 in
1406 4425 1578 4485 collectione
1598 4440 1682 4481 rerum

412 4527 602 4603 antiquarum
624 4529 655 4586 di
678 4527 783 4586 Oratio
804 4527 930 4586 Poecale
951 4529 1009 4586 ane
1032 4529 1126 4599 Curti,
1153 4529 1183 4587 in
1209 4532 1293 4587 cuius
1321 4529 1418 4587 fronte
1445 4529 1573 4607 graphio
1592 4527 1682 4585 inscri-

412 4639 495 4704 ptum
517 4641 579 4687 est:

575 4764 666 4840 mais
683 4822 690 4838 .
707 4764 851 4840 kuluvis
1039 4786 1140 4846 Maius
1162 4785 1306 4846 Calavius
1329 4785 1494 4864 (Calvina).

457 4969 609 5043 (lameci,
631 4971 752 5031 Mereor.
768 4972 870 5031 Ercol.
887 4971 916 5029 d'
932 4971 1011 5030 orci.
1025 4973 1094 5044 VII,
1116 4973 1251 5050 Append.
1270 4993 1303 5050 p.
1323 4973 1374 5032 25.
1411 4974 1544 5044 Fiorelli‚
1566 4971 1642 5032 Scor.
1656 4968 1678 5024 d.

370 5073 472 5148 Pomp.
493 5073 521 5144 J,
544 5074 635 5145 1850,
655 5093 687 5152 p.
704 5073 780 5148 XII,
801 5085 857 5134 not
881 5073 940 5145 20,
968 5073 1035 5132 inde
1058 5073 1200 5147 Febrem,
1232 5075 1262 5134 0.
1284 5077 1311 5133 I.
1333 5075 1403 5134 Ital.
1428 5075 1517 5135 2839.
1560 5073 1679 5139 mrem,

372 5173 514 5234 Firmani.
537 5176 566 5234 d.
588 5175 657 5235 oet.
675 5174 742 5252 Spr.
765 5195 794 5236 rr.
809 5175 880 5250 XL,
895 5178 920 5235 1.
