3530 5932
541 577 651 628 FASTI
677 577 759 628 uult.
788 576 915 627 LATIN.

577 749 680 809 a.536
745 767 761 807 u
773 792 864 807 .....

618 852 677 910 537
743 867 892 910 u·v....

617 954 676 1013 538
743 969 908 1012 wrm...

616 1055 675 1115 539
740 1071 893 1114 aa...

617 1158 677 1217 540
740 1175 818 1216 m·v
819 1200 912 1216 .....

79 1469 152 1528 llaec
170 1463 329 1527 ‘nominum
352 1462 519 1544 principia',
543 1467 730 1526 Burmannus
746 1468 798 1538 ait,
818 1463 947 1526 ‘constat
968 1487 1027 1526 non
1050 1469 1231 1546 pertinuisse
1247 1469 1284 1527 ad
1300 1470 1396 1528 fastos

78 1571 249 1642 consularem
273 1571 395 1647 quinam
411 1588 484 1629 vero
499 1571 635 1629 homines
657 1571 849 1629 nominentur
869 1566 1050 1647 ignoramus'
1071 1570 1106 1646 (l.
1123 1569 1173 1646 a).
1206 1570 1395 1631 Bormannus

77 1693 171 1752 nempe
197 1674 234 1732 de
261 1673 482 1732 ordinariorum
509 1672 665 1730 consulum
694 1672 782 1732 lastis
808 1671 958 1748 loquitari
987 1691 1056 1730 nam
1086 1673 1124 1731 ad
1151 1672 1290 1732 suffectos
1322 1674 1397 1733 haec

76 1778 213 1835 nominum
235 1775 386 1852 principia
406 1775 527 1834 minime
549 1792 641 1851 posse
662 1775 811 1850 pertinere
833 1775 901 1850 quis
923 1774 1111 1834 adfirmabit?
1154 1774 1251 1833 Immo
1273 1795 1345 1834 vero
1369 1778 1395 1834 si

77 1881 108 1938 ab
126 1878 279 1936 Arvalium
307 1877 418 1935 tabulis
447 1876 616 1954 exemplum
642 1877 788 1954 petimus,
816 1878 1026 1954 pronumverit
1052 1877 1199 1936 coniicere
1224 1878 1301 1936 hauc
1326 1897 1394 1938 esse

76 1981 231 2040 columnam
251 1979 398 2040 fastorum
421 1979 486 2037 aevi
509 1979 603 2038 multo
629 1979 821 2054 posterioris,
848 1980 956 2056 quibus
984 1979 1099 2038 suffecti
1125 1980 1281 2057 ignotique
1305 1983 1393 2042 nobis

76 2082 201 2142 consules
221 2081 332 2140 latinas
355 2081 557 2141 celebrarunt:
581 2099 694 2156 eosque
715 2081 782 2139 loco
805 2100 865 2140 non
887 2100 941 2140 auo
957 2099 1024 2142 esse
1038 2083 1217 2159 descriptos,
1240 2085 1322 2161 quod
1344 2085 1393 2144 de·

76 2185 180 2244 dolente
200 2185 259 2242 iam
282 2184 381 2262 spatio
403 2183 549 2260 quidquid
571 2183 655 2242 vacui
678 2184 803 2261 parietis
826 2195 993 2261 supererat,
1021 2186 1203 2262 interpolata
1225 2195 1393 2265 temporum

76 2288 142 2346 serie
157 2288 241 2346 nouis
255 2287 401 2345 fastorum
422 2285 576 2344 laterculis
597 2285 785 2362 implebatur.
819 2287 862 2345 At
876 2288 953 2345 hauc
967 2287 1167 2347 coniecturam
1183 2288 1392 2366 fragmentum,

75 2390 146 2465 qnod
167 2389 300 2461 snbiieio,
321 2407 449 2466 prorsus
470 2389 589 2447 evertit:

468 2620 474 2633 .
490 2620 496 2633 .
511 2620 517 2634 .
532 2621 537 2634 .
551 2601 617 2634 »νιν
636 2619 979 2634 .................

467 2723 494 2735 ..
509 2724 515 2735 .
534 2695 661 2738 aEBVTlaa
675 2720 978 2738 ...............

468 2826 474 2837 .
489 2823 494 2838 .
509 2825 515 2838 .
530 2824 537 2838 .
552 2795 723 2840 cuvr'vatvs
746 2795 802 2838 SEae.
817 2799 837 2847 s.
845 2823 977 2839 .......

660 2897 762 2942 11111011

467 3028 473 3042 .
489 3029 494 3040 .
511 3028 537 3043 ..
551 2999 709 3045 Pouttcrvs
722 3016 730 3030 ·
743 3001 793 3044 NlC
801 3026 976 3043 .........

467 3131 473 3144 .
489 3130 515 3146 ..
536 3103 721 3156 quNCTlLlVS
738 3129 975 3146 ............

74 3309 126 3368 laur
146 3312 307 3370 Henzenna
329 3311 444 3370 monuit
466 3312 520 3369 has
542 3311 657 3369 litteras
679 3311 717 3368 ad
739 3315 840 3370 earum
864 3310 986 3383 seriem,
1001 3330 1089 3387 ‘quae
1112 3312 1282 3389 adscriptae
1303 3324 1388 3372 erant

72 3414 145 3472 annia
171 3414 361 3486 536-540,
394 3415 521 3473 fortasse
553 3415 702 3490 pertinere
735 3413 837 3490 (Ball.
860 3413 926 3472 dell'
950 3413 1003 3471 Iat.
1030 3413 1108 3472 1870
1131 3435 1160 3490 p.
1180 3415 1272 3490 135):
1306 3419 1387 3492 quod

72 3525 170 3575 attento
191 3517 329 3576 instituto
345 3517 482 3575 examine
497 3533 552 3592 ego
568 3535 671 3574 verum
694 3533 762 3574 esse
783 3517 911 3594 repperi.
946 3513 1078 3574 Nomina
1099 3525 1180 3575 recto
1196 3535 1267 3576 casu
1283 3538 1302 3576 a
1316 3537 1386 3576 con·

72 3617 155 3676 sulum
170 3619 322 3677 notatione
338 3627 409 3677 aunt
422 3619 594 3677 necessario
610 3619 739 3676 diversa.
772 3617 931 3692 Quodnam
947 3618 1100 3677 hominnm
1115 3637 1210 3695 genus
1226 3620 1280 3679 illa
1294 3620 1387 3697 signi·

73 3719 158 3791 dcent,
178 3721 312 3780 difficilis
333 3722 469 3796 quaestio
491 3733 546 3779 est.
592 3720 639 3778 De
661 3719 835 3796 praefectis,
863 3719 914 3796 qui
935 3719 1075 3778 feriarum
1098 3721 1258 3780 latinarum
1282 3723 1386 3782 diebus

74 3823 127 3880 urbi
152 3833 309 3901 praeerant
336 3835 364 3882 et
392 3823 502 3899 singuli
524 3823 652 3901 singulis
678 3823 765 3881 annis
792 3822 983 3892 creabantur,
1013 3823 1110 3898 primo
1137 3824 1277 3900 cogitavi.
1320 3825 1385 3883 line

73 3931 146 3982 sexto
173 3928 253 3986 urbia
276 3925 414 4001 conditae
441 3925 562 3984 saeculo
589 3925 748 3983 latinarum
776 3925 863 3983 fastis
892 3923 1022 3983 adscribi
1048 3925 1166 4003 coepti?
1209 3925 1385 3986 Flauiorum

71 4037 137 4085 certe
163 4037 272 4100 aetate,
302 4028 341 4086 ad
368 4047 458 4103 quam
487 4027 652 4086 mariniana
677 4028 846 4103 fragmenta
873 4027 1035 4105 pertinent,
1064 4027 1271 4088 huiuscemodi
1298 4049 1384 4106 prae-

71 4127 197 4189 fectorum
218 4133 249 4189 in
271 4131 320 4189 his
340 4129 429 4189 fastis
456 4130 566 4188 mentio
589 4129 680 4188 nulla.
723 4129 885 4188 Praeterea
906 4129 1068 4189 Henzenus
1095 4130 1207 4190 monuit
1234 4151 1263 4191 v.
1287 4134 1305 4192 5
1334 4133 1384 4191 lit-

71 4242 138 4290 teras
159 4249 285 4304 tarem,
312 4231 480 4310 graecanici
503 4232 689 4307 cognominis
717 4231 848 4304 initium,
875 4231 1046 4290 libertinum
1076 4233 1225 4292 hominem
1256 4236 1384 4310 prodere

72 4333 165 4392 rideri:
189 4336 221 4394 id
240 4335 323 4412 quod
345 4335 458 4392 omissa
479 4336 573 4410 patris
590 4335 700 4393 mentio
716 4333 880 4392 confirmat.
915 4332 963 4392 Dc
984 4335 1136 4394 humiliori
1159 4336 1251 4414 igitur
1272 4337 1383 4396 civium

70 4435 158 4495 ordine
172 4438 217 4495 rel
231 4447 319 4496 coetu
335 4436 534 4512 cogitandum.
553 4436 727 4513 ‘Inscriptio
749 4455 815 4493 cum
838 4436 885 4495 his
908 4435 1082 4514 fragmentis
1106 4439 1135 4494 in
1157 4440 1382 4498 montealbano

70 4549 173 4612 reperta
193 4551 222 4598 et
236 4540 274 4598 ab
290 4538 434 4597 Henzeno
457 4539 536 4597 edita
557 4547 587 4596 et
605 4539 755 4597 illustrata
771 4537 911 4596 Cabenses
933 4541 1094 4598 sacerdotes
1109 4542 1255 4615 feriarum
1278 4538 1381 4602 latina·

70 4655 122 4694 rura
140 4647 235 4700 montis
257 4641 360 4700 albani
381 4641 521 4700 nominat.
567 4640 684 4698 Horum
707 4640 893 4700 sacerdotum
923 4640 1010 4700 facile
1037 4660 1110 4699 cura
1130 4643 1289 4701 latinarum
1312 4644 1382 4704 lasti

70 4751 128 4798 sunt
147 4743 244 4802 incisi:
275 4762 438 4820 eorumque
460 4745 560 4803 album
583 4744 637 4802 illa
659 4745 812 4801 nominum
835 4742 939 4814 series,
960 4743 1077 4819 opinor,
1100 4744 1231 4803 exhibet.
1275 4745 1383 4824 Neque

71 4858 190 4917 opponas
210 4865 276 4905 eam
297 4847 341 4905 ita
362 4863 429 4906 esee
451 4845 639 4922 dispositam,
663 4853 694 4904 ut
716 4846 843 4922 singulis
861 4845 949 4903 annis
973 4844 1092 4921 singula
1114 4847 1235 4905 nomina
1256 4867 1380 4925 reapon-

70 4943 146 5004 deant
174 4959 204 5006 et
233 4968 301 5008 com
328 4949 416 5008 fastis
446 4947 646 5008 necessariam
678 4947 834 5006 rideantur
864 4947 1100 5007 coniunctionem
1127 4948 1247 5008 habere.
1289 4950 1325 5010 Id
1350 4953 1382 5011 in

70 5043 215 5124 fragmento
241 5069 389 5110 annorum
416 5049 594 5110 536-540
627 5051 694 5108 solo
722 5068 793 5109 casu
822 5067 919 5126 neque
948 5050 1069 5108 omuino
1099 5051 1138 5108 ad
1167 5053 1309 5112 amussim
1337 5054 1379 5112 fir.

70 5145 100 5204 lu
117 5149 204 5210 altero
223 5171 310 5224 vero,
330 5153 411 5229 quod
433 5153 591 5230 proposui,
619 5153 787 5229 fragmento
811 5167 1044 5211 ...cuvrvarvs
1067 5167 1131 5213 sax.
1146 5155 1174 5228 f.
1198 5171 1380 5216 ...maroa

70 5247 179 5312 duorum
200 5273 342 5314 annorum
366 5255 495 5332 spatium
517 5255 640 5314 obtinet.
685 5253 747 5313 Cur
769 5254 867 5313 album
889 5255 962 5326 hoc,
985 5273 1052 5312 mea
1073 5255 1259 5331 coniectura,
1281 5276 1379 5317 sacer-

1132 5355 1174 5414 t*
1210 5351 1214 5356 ’
