3530 5932
386 553 456 624 130
815 573 1122 626 unaruausuwu
1140 572 1223 626 voc.
1244 573 1274 624 11

377 745 518 808 iratribus
540 746 714 804 Arvalibus.
757 745 816 808 Sed
838 747 927 806 etiam
949 746 1065 806 Romae
1085 747 1149 805 fieri
1172 755 1280 824 potest,
1302 755 1336 805 ut
1357 744 1614 826 Caesaris-aetate
1632 750 1692 808 isua

376 847 486 908 suerint
507 849 627 926 publice
647 848 793 922 dedicata,
815 851 922 928 quibus
945 869 1012 908 cum
1034 849 1161 927 collegia
1182 859 1325 926 perpetua
1344 849 1426 910 nulla
1440 851 1691 920 attributaessmt
1761 841 1762 926 i

377 961 530 1011 curatores
557 949 648 1010 dandi
674 962 776 1012 essent
802 973 820 1012 a
845 952 1081 1032 magistratibus.
1125 952 1220 1010 Immo
1247 970 1323 1028 quae
1345 953 1456 1030 tradita
1477 953 1643 1031 accepimus
1662 953 1692 1012 de

376 1053 529 1130 magistris
558 1057 691 1114 vicorum
716 1072 921 1134 pagorumque
947 1074 1013 1114 cum
1035 1054 1146 1114 liberae
1168 1053 1211 1112 rei
1234 1055 1372 1132 pubIIcae
1394 1055 1502 1114 aetatis
1524 1064 1586 1115 tum
1605 1065 1692 1134 poste·

376 1157 466 1216 rioris
493 1158 572 1216 haud
601 1158 664 1215 scio
691 1177 729 1216 an
756 1158 814 1217 huc
839 1157 1021 1235 pertineant3
1050 1174 1145 1233 neque
1172 1157 1250 1217 enim
1279 1157 1312 1216 hi
1338 1159 1530 1237 magistratus
1558 1166 1627 1218 sunt
1648 1159 1692 1234 qul

376 1259 447 1317 item
474 1277 561 1318 sacra
582 1270 701 1332 curant,
728 1260 781 1321 sed
804 1260 975 1320 sacerdotes
997 1267 1116 1338 praeter
1142 1277 1227 1320 sacra
1249 1261 1338 1320 etlam
1360 1261 1398 1319 ad
1419 1261 1541 1339 publica
1561 1259 1693 1338 quaedam

376 1362 497 1438 negotia
511 1363 620 1422 vocati.
657 1363 707 1421 Ad
728 1362 759 1421 id
775 1364 946 1442 exemplum
962 1383 1028 1422 cum
1042 1363 1177 1422 coloniae
1190 1363 1450 1435 constituerentur,
1473 1363 1589 1422 duoviri
1604 1383 1692 1422 eorum

376 1463 461 1540 (nam
483 1465 520 1522 dc
542 1465 690 1524 aedilibus
705 1465 772 1523 vide
793 1466 954 1525 observata
974 1486 1001 1544 p.
1021 1464 1094 1541 145)
1116 1466 1296 1525 iubebantur
1316 1485 1355 1524 ex
1376 1465 1571 1525 decurionum
1587 1465 1694 1524 decreto

375 1576 529 1627 curatores
551 1568 689 1626 sanorum
713 1570 872 1644 quotannis
895 1576 967 1645 quot
989 1577 1138 1646 oporteret
1159 1569 1267 1628 facere.
1285 1603 1323 1612 -
1349 1567 1397 1626 De
1419 1569 1494 1644 ipsis
1516 1569 1694 1628 caerimoniis

375 1670 433 1728 hoc
454 1669 548 1729 solum
572 1670 682 1730 adnoto
704 1671 930 1748 antiquissimas
951 1689 1019 1730 esse
1041 1689 1144 1730 omnes
1165 1671 1327 1744 sacrificia,
1348 1671 1519 1749 pulvinaria
1540 1669 1604 1730 sive
1625 1669 1693 1729 lecti-

377 1772 535 1848 sternia1),
556 1773 645 1831 ludos
668 1774 830 1845 circenses3
852 1773 960 1850 quibus
983 1775 1110 1832 scaenici
1132 1791 1191 1830 non
1213 1775 1309 1850 magis
1331 1773 1463 1833 adiuncti
1487 1781 1557 1832 sunt
1571 1792 1656 1850 quam
1670 1774 1694 1831 in

274 1909 276 1912 -
376 1873 455 1933 ludis
479 1876 599 1934 urbanis
621 1876 838 1952 antiquissimis
860 1875 1062 1936 Consualibus
1085 1883 1115 1934 et
1136 1875 1324 1951 Equis-ribus.

265 1983 336 2033 Cura
462 1977 510 2036 De
532 1977 606 2037 locis
627 1978 766 2038 ludorum
789 1980 1018 2054 spectandorum
1040 1997 1132 2038 causa
1153 1978 1350 2038 attribuendis
1373 1981 1432 2038 tria
1456 1979 1557 2054 capita
1579 1977 1694 2038 CXXV.

240 2058 360 2108 ludorum
380 2077 526 2139 CXXVI.
543 2078 691 2140 CXXVII
717 2081 759 2139 its
785 2090 893 2160 agunt,
921 2088 953 2139 ut
980 2081 1109 2158 primurn
1131 2082 1279 2158 pertineat
1300 2081 1337 2138 ad
1360 2081 1447 2140 ludos
1469 2082 1499 2138 in
1523 2082 1695 2152 universum,

378 2185 437 2243 duo
465 2185 526 2243 alia
553 2186 591 2243 ad
618 2185 700 2244 solos
727 2185 890 2243 scaenicos.
933 2183 974 2241 Et
998 2184 1055 2243 hos
1082 2185 1201 2261 quidem
1229 2185 1328 2243 facere
1355 2183 1494 2243 dicuntur
1515 2186 1695 2263 magistratus

377 2286 513 2345 coloniae
540 2287 643 2358 aliive3
671 2287 714 2345 illi
743 2277 895 2345 circenses
916 2286 1103 2363 potissimum
1126 2306 1194 2346 esse
1215 2286 1366 2357 videntur,
1388 2287 1524 2374 lmuime
1546 2287 1696 2364 opinari,

377 2407 453 2465 quos
482 2391 643 2468 magistros
670 2390 807 2448 fanorum
833 2390 885 2447 lex
913 2389 1012 2448 facere
1040 2390 1124 2448 iubet
1151 2408 1175 2448 c.
1199 2387 1367 2448 CXXVIII
1395 2389 1509 2464 (7,17.
1530 2390 1601 2466 19),
1626 2389 1695 2466 quod

237 2497 363 2546 Decurio·
377 2501 467 2566 caput
488 2491 526 2550 cb
548 2493 579 2551 id
599 2493 701 2569 ipsum
722 2510 758 2550 ea
780 2492 893 2569 excipit
915 2511 991 2568 quae
1014 2492 1050 2550 de
1072 2492 1250 2567 spectaculis
1272 2489 1390 2568 sunt2).
1433 2488 1474 2549 Et
1495 2491 1696 2551 decurionibus

235 2571 495 2694 ἓξὲξ-5515515
524 2595 554 2652 in
576 2594 654 2653 ludis
677 2595 848 2673 spectandis
871 2611 1008 2652 seorsum
1030 2593 1128 2653 locum
1150 2593 1278 2653 dandum
1302 2612 1369 2652 esse
1391 2613 1457 2652 cum
1480 2594 1511 2650 in
1533 2595 1695 2652 universum

240 2661 273 2768 lis
286 2719 358 2768 locus
377 2705 499 2754 cavetur
519 2717 544 2755 c.
561 2695 680 2756 CXXV
704 2697 748 2772 (id
769 2697 850 2772 quod
872 2696 942 2754 item
966 2696 1194 2774 significatoria
1209 2697 1275 2772 lege
1290 2681 1622 2772 Iuliamunicipali³))‚
1643 2707 1695 2756 tum

374 2799 405 2856 in
434 2800 583 2860 scaenIcis,
608 2799 687 2858 ludis
715 2817 740 2856 c.
763 2797 914 2857 CXXVII
942 2797 1098 2858 orchestra
1125 2799 1163 2858 iis
1192 2808 1371 2858 reservatur.
1419 2797 1567 2859 Similiter
1594 2799 1697 2857 Romae

375 2919 493 2978 quoque
519 2901 656 2960 obtinuit.
701 2898 822 2960 Scilicet
847 2901 878 2958 in
904 2900 983 2960 ludis
1012 2901 1195 2960 circensibus
1221 2902 1278 2960 etsi
1305 2910 1387 2959 certa
1413 2908 1442 2958 et
1467 2911 1616 2977 perpetua
1639 2902 1698 2959 loca

364 3013 531 3063 senatores
554 3023 572 3062 a
594 3000 721 3062 Claudio
743 3002 861 3062 dentum
882 3012 1074 3080 acceperunt,
1100 3021 1236 3061 seorsum
1259 3003 1367 3062 dudum
1390 3011 1459 3062 ante
1481 3001 1696 3079 spectabant4).

373 3106 469 3164 Plane
498 3106 541 3164 sic
569 3107 599 3163 in
627 3105 748 3164 colonia
774 3103 922 3164 Genetiva
949 3123 1009 3163 non
1036 3111 1118 3163 certa
1144 3105 1292 3180 quaedam
1320 3106 1387 3164 loca
1413 3106 1482 3164 circi
1511 3106 1697 3164 decurionum

373 3209 499 3292 propria¹
525 3209 657 3280 suerunt,
687 3208 741 3266 sed
770 3227 836 3266 cum
863 3207 926 3266 ludi
955 3209 1060 3266 fierent
1088 3225 1142 3284 pro
1170 3226 1203 3265 re
1231 3207 1315 3266 locus
1342 3208 1463 3284 quidam
1493 3208 1697 3267 decurionibus

375 3311 463 3371 datus
491 3312 666 3388 adsignatus
693 3310 853 3370 relictusve
879 3319 933 3368 est.
976 3309 1020 3368 At
1044 3309 1076 3368 in
1102 3309 1183 3368 ludis
1210 3309 1355 3368 scaenicis
1381 3310 1574 3372 notissimum
1603 3320 1648 3384 est
1671 3311 1696 3368 in

375 3485 578 3497 *-

452 3609 488 3671 1),
501 3611 688 3674 Intelleguntur
711 3609 768 3659 sine
792 3609 871 3660 dubio
896 3609 1052 3660 lectisternia
1070 3609 1190 3659 fanornm
1209 3622 1313 3669 eorum,
1338 3609 1366 3657 ia
1385 3605 1486 3674 quidese,
1513 3614 1542 3658 ut
1560 3610 1600 3659 ait
1618 3609 1698 3660 Livius

375 3702 424 3764 36,
441 3704 470 3764 1,
486 3705 511 3753 2.
531 3705 580 3764 42,
595 3704 674 3764 30,8
696 3701 739 3764 (cf.
760 3703 807 3764 40,
823 3700 872 3762 59,
888 3703 928 3763 7),
956 3700 1131 3752 ἱεοϋείενηίυπι
1149 3701 1267 3750 maiorem
1280 3707 1382 3767 partem
1400 3701 1461 3750 anai
1472 3700 1537 3768 ficri
1554 3701 1627 3752 tolet.
1663 3700 1698 3752 CI.

374 3795 430 3846 Lis.
445 3795 470 3857 5,
485 3795 530 3856 52,
545 3795 575 3845 6:
594 3795 622 3844 ia
640 3792 712 3844 Iocis
729 3794 802 3861 epulo
821 3811 879 3844 nam
897 3791 962 3843 aliti
979 3809 1052 3860 qaum
1070 3794 1097 3842 t'a
1119 3790 1246 3859 Capitolio
1260 3791 1387 3859 pulvinar
1404 3793 1501 3861 suscipi
1513 3795 1618 3861 pateat?

450 3883 475 3949 ⁹)
501 3886 645 3952 Propterea
664 3887 742 3936 edam
761 3888 816 3937 ludi
835 3888 871 3936 ibi
889 3887 1048 3951 praecedunt
1066 3886 1201 3936 sacrificia.

451 3976 476 4041 ³)
504 3980 539 4030 V.
554 3979 619 4028 138:
643 3994 704 4028 aeae
727 3979 783 4046 qais
806 3995 889 4029 aarum
908 3977 989 4029 iudeis
1007 3993 1089 4028 wmoe
1106 3976 1265 4044 placitatores
1283 3975 1335 4028 itai
1346 3975 1498 4045 puqaabuat
1514 3979 1543 4028 ia
1561 3979 1617 4030 Ιοοο
1635 3993 1698 4028 aeac-

374 4072 440 4122 tcric
460 4069 619 4122 decurionum
637 4072 834 4142 contemptorum
851 4070 932 4122 sedata
951 4085 1011 4121 neve
1029 4076 1148 4137 spectato.
1187 4070 1228 4120 Cf.
1246 4086 1271 4119 v.
1286 4069 1348 4122 133.

450 4161 476 4226 ⁴)
503 4164 557 4215 Dio
571 4165 614 4226 60,
630 4165 659 4214 7ι
679 4157 722 4212 καὶ
742 4153 818 4231 iuipov
837 4161 880 4233 pia
898 4181 944 4212 που
964 4161 1004 4212 nai
1022 4148 1140 4229 apo'sspov
1161 4158 1184 4211 iv
1203 4155 1267 4225 αιῖτῷ
1287 4159 1329 4226 (tii
1342 4151 1497 4232 ἱπποδρὸμῳ)
1518 4157 1574 4228 ἰδίᾳ
1592 4159 1632 4212 xsl
1644 4151 1698 4211 ml

374 4253 441 4321 σψᾶς
464 4247 494 4313 ὥς
514 4249 614 4305 ἕκαστοι
633 4243 664 4305 tri
681 4273 707 4305 τι
728 4253 849 4318 βουλεῦον
867 4255 907 4306 nal
926 4244 956 4306 ti
976 4253 1077 4305 intrariae
1095 4252 1136 4304 aul
1156 4245 1170 4304 c‘
1190 4240 1293 4319 iactat,
1320 4247 1367 4319 αἶψ’
1387 4242 1460 4323 οὗπερ
1479 4251 1548 4304 τοῦτ’
1572 4249 1697 4320 inspic-&p

376 4341 403 4399 ου’
423 4345 505 4418 μέντοι
525 4345 566 4398 real
582 4345 718 4416 τεταγμίνα
738 4343 814 4417 σφίσι
833 4342 921 4420 χωρία
939 4340 1111 4398 α’πεδίδεικτο·
1132 4335 1204 4396 α’λλᾶ
1222 4335 1277 4396 scits
1299 4337 1453 4404 &Kartera
1470 4336 1513 4410 τήν
1531 4365 1559 4397 τι
1579 4333 1699 4416 {sparsis

375 4437 414 4492 νῦν
435 4429 510 4492 οὖσαν
528 4445 582 4498 τοῖς
599 4439 749 4498 βουλευταῖς
767 4434 888 4509 α’πέκρινι.
918 4443 994 4493 Illam
1013 4442 1202 4506 separationem
1220 4455 1277 4490 cum
1290 4441 1379 4491 Livius
1394 4441 1418 4504 1,
1432 4429 1466 4490 35
1487 4441 1521 4490 ad
1541 4441 1627 4506 ipsum
1645 4439 1699 4490 circi

377 4535 538 4585 conditorem
556 4533 678 4596 retrahat,
699 4535 753 4584 Dio
769 4533 812 4596 55,
827 4537 862 4584 22
882 4535 916 4584 ad
928 4535 1074 4599 Augustum
1093 4547 1214 4583 revocare
1228 4533 1340 4594 videtur;
1360 4548 1469 4597 quorum
1487 4533 1554 4582 illud
1572 4534 1606 4583 sd
1619 4547 1698 4582 verum

374 4627 482 4692 propius
505 4627 627 4677 accedere
651 4634 677 4676 et
698 4627 792 4677 Iustini
816 4626 849 4675 de
872 4626 1076 4676 Massiliensibus
1100 4617 1214 4676 namatio
1241 4624 1279 4684 (v.
1300 4641 1325 4690 p.
1342 4625 1392 4675 131
1416 4631 1470 4674 not.
1489 4623 1522 4686 6)
1546 4625 1657 4676 ostendit
1678 4633 1699 4670 et

375 4719 440 4770 haec
458 4721 501 4770 lex
520 4720 585 4784 ipsa.
618 4719 687 4770 Nam
706 4733 777 4780 sane,
797 4719 848 4769 alsi
868 4718 987 4769 Caesaris
1006 4725 1120 4782 tempore
1140 4717 1267 4767 eiusmodi
1285 4718 1413 4782 separatio
1427 4718 1455 4766 ln
1467 4717 1531 4767 urbe
1544 4717 1697 4772 obtinuisset

375 4812 402 4861 in
421 4812 477 4876 lege
495 4811 644 4876 municipali
664 4826 710 4861 sua
728 4811 826 4876 hacque
846 4811 961 4862 coloniae
980 4826 1042 4860 suae
1060 4825 1117 4860 eam
1136 4825 1189 4860 non
1208 4810 1342 4874 posuisset.
1372 4809 1432 4860 Non
1451 4811 1548 4874 optime
1567 4809 1699 4860 debuere

375 4904 428 4968 egit
445 4903 575 4953 Beckerus
594 4905 622 4953 in
641 4903 907 4966 enchir.2,1‚282;
927 4919 975 4954 nec
993 4905 1024 4955 L.
1043 4901 1213 4954 Friedldnder
1231 4901 1328 4952 enchir.
1342 4901 1373 4963 4,
1388 4903 1441 4953 497
1461 4903 1523 4952 satis
1542 4901 1659 4952 dIstinxit
1675 4899 1698 4948 id

375 4996 407 5046 de
432 5011 483 5060 quo
509 5001 564 5045 tots
586 4995 701 5060 quaestio
724 4996 820 5061 pendet
842 4997 883 5046 ius
906 4996 1039 5062 spectandi
1062 4997 1090 5046 in
1114 4997 1172 5046 loco
1197 5001 1316 5060 separato
1341 5000 1367 5043 ct
1384 4995 1425 5044 ius
1441 4994 1559 5044 locorum
1578 5001 1697 5044 certorum

373 5093 613 5155 perpetuorumque.
652 5086 708 5150 [Ne
731 5103 762 5138 ea
786 5089 889 5154 quidem
912 5103 978 5154 quse
1002 5095 1061 5154 post
1084 5089 1227 5140 Becker-um
1252 5095 1279 5137 et
1296 5087 1510 5137 Friedlindemm
1534 5101 1583 5151 ego
1607 5085 1638 5135 de
1662 5083 1698 5132 bis

374 5182 451 5232 rebus
476 5182 584 5246 exposui
608 5181 636 5230 in
659 5181 795 5230 annalibus
820 5183 928 5231 instituti
955 5181 1083 5232 archaeol.
1104 5197 1127 5232 a.
1144 5181 1213 5232 1856
1233 5197 1258 5246 p.
1274 5173 1350 5231 54εεί
1370 5179 1403 5229 ai.
1425 5179 1495 5230 1859
1515 5195 1541 5244 p.
1557 5180 1609 5230 122
1628 5191 1697 5244 quae

376 5274 486 5324 edonem
504 5273 647 5326 absolvunt.
685 5271 816 5340 flamm]
