3532 5938
409 516 461 570 se.
480 517 530 570 nn
548 516 729 570 uvuorurs
748 516 888 570 ssnrvs
905 516 1123 571 nnevnusrs.
1356 495 1429 568 283

143 699 173 750 et
198 691 380 768 [ametando
401 693 556 770 adsumunt
580 693 699 770 repperi
723 691 839 750 litteras
865 691 991 752 deficere
1013 711 1038 751 c.
1063 689 1116 766 12,
1143 691 1253 768 quibus
1279 689 1433 749 commode

141 795 292 854 inseretur
314 795 379 854 dies
400 796 470 854 idib.
495 794 608 854 Octobr.
630 794 679 854 vel
701 795 752 872 qui
773 795 851 853 alius
873 795 938 853 tuit.

103 896 150 954 Ad
170 915 198 954 v.
215 896 245 955 8.
290 896 353 956 Vix
380 897 539 974 quicquam
565 909 612 958 est
638 898 671 956 in
697 898 754 956 hoc
777 896 954 956 documento
976 897 1071 974 magis
1092 895 1248 956 insolitum
1270 904 1300 954 et
1320 912 1431 954 novum

140 1017 231 1076 quam
255 1006 448 1077 quaestorum
469 1000 590 1059 nomina
611 999 650 1057 ad
671 1017 738 1073 eos,
764 999 816 1076 qui
842 1007 964 1058 senatus
987 999 1122 1058 consulto
1142 996 1356 1076 perscribenda
1379 997 1432 1054 ad-

140 1101 293 1174 hibentur,
315 1101 467 1178 adscripta
485 1103 553 1162 loeo
576 1109 720 1161 extremo.
761 1100 891 1161 Diversa
912 1120 951 1159 ex
972 1119 1065 1160 eausa
1086 1110 1260 1178 quaestores
1282 1099 1431 1158 adhibitos

140 1220 208 1262 esse
237 1213 327 1280 atque
349 1203 454 1263 solitos
482 1213 602 1264 senatus
630 1203 833 1263 consultorum
860 1212 951 1262 testes
971 1203 1086 1262 indicat
1106 1213 1166 1261 tam
1188 1203 1357 1280 quaestoria
1380 1221 1432 1277 ap·

140 1306 266 1382 pallatio
287 1307 407 1383 utrique
428 1305 543 1381 addita,
566 1325 634 1365 eum
656 1315 747 1366 testes
771 1307 848 1365 nude
870 1305 1107 1382 perscribantur,
1130 1309 1218 1382 quam
1241 1305 1321 1382 quod
1343 1323 1433 1380 quae·

141 1415 206 1466 ator
227 1426 267 1466 ne
289 1417 410 1468 senator
431 1408 551 1485 quidem
573 1419 629 1484 est,
655 1428 723 1469 cum
745 1409 909 1484 quaesterit
930 1408 1048 1466 demum
1071 1407 1259 1468 senatoribus
1281 1407 1432 1467 accedant.

140 1508 280 1570 Pertinet
304 1511 376 1584 huc,
403 1510 434 1568 ni
456 1511 561 1583 fallor,
589 1510 670 1587 quod
692 1511 796 1569 scribit
817 1510 878 1570 Dio
894 1511 947 1584 54,
964 1511 1002 1568 36
1024 1512 1209 1588 Augustum,
1237 1528 1303 1567 cum
1326 1509 1432 1567 aerarii

140 1629 242 1670 curam
265 1631 284 1670 a
306 1613 515 1689 quaestoribus
537 1613 659 1673 urbanis
682 1613 719 1672 ad
742 1613 818 1671 alios
837 1613 1030 1691 magistratus
1046 1613 1105 1670 iam
1120 1623 1209 1672 antea
1222 1612 1433 1682 transtulisset,

140 1733 166 1772 a
190 1734 219 1773 n.
244 1733 271 1773 c.
291 1715 352 1773 743
382 1714 502 1774 sublata
530 1715 670 1775 aedilium
698 1716 945 1791 tribunorumque
973 1715 1009 1773 de
1030 1714 1093 1774 bac
1120 1735 1153 1773 re
1181 1722 1329 1792 potestate
1358 1713 1431 1772 solis

140 1815 355 1893 quaestoribus
383 1826 504 1876 senatus
530 1817 732 1877 consultorum
755 1836 856 1876 curam
877 1817 1065 1894 permisisse:
1093 1818 1150 1878 τοῖς
1170 1808 1283 1884 ταμίαις
1303 1811 1341 1873 rel
1364 1808 1434 1892 δέγ-

139 1940 217 1984 porra
244 1913 286 1976 rai
312 1909 449 1976 ἓκᾶστοτε
475 1909 631 1996 γιγνὸμενα
658 1913 706 1978 διὰ
733 1921 868 1996 φυλακῆς
894 1914 1043 1976 ποιεῖσθαι
1065 1908 1235 1990 ἐκελεύσθη.
1278 1917 1323 1977 Ut
1342 1917 1434 1994 igitur

142 2038 201 2096 quo
227 2028 365 2096 tempore
391 2030 567 2098 quaestores
590 2022 732 2100 pecunias
753 2021 888 2100 publicas
910 2028 1038 2080 tractare
1061 2021 1225 2094 desierunt,
1253 2039 1332 2088 eam,
1354 2039 1431 2097 quaa

139 2121 169 2178 in
191 2133 319 2182 senatus
341 2124 486 2184 consultis
508 2124 704 2183 adservandis
727 2124 865 2197 vertitur,
893 2124 1001 2182 aerarii
1028 2123 1314 2183 administrationem
1336 2121 1431 2180 nihilo

139 2223 239 2284 minus
263 2225 457 2298 retinuerunt,
479 2226 522 2284 ita
543 2235 774 2286 consentaneum
797 2234 843 2286 est
863 2228 901 2286 ab
923 2247 950 2286 a.
966 2227 1035 2285 inde
1050 2225 1108 2284 743
1131 2226 1188 2284 hoc
1206 2243 1325 2302 quoque
1339 2223 1432 2282 intro·

140 2324 263 2386 ductum
284 2345 367 2400 esse,
394 2338 427 2387 ut
454 2328 621 2410 deiprendis
643 2330 681 2387 ad
702 2329 786 2405 ipsos
812 2336 935 2415 senatps
962 2328 1106 2388 consultis
1133 2328 1222 2386 etiam
1245 2327 1432 2404 perscriben-

140 2427 185 2487 dis
216 2429 361 2489 adessent
385 2429 565 2507 nominaque
591 2451 694 2490 eorum
716 2440 786 2508 post
807 2440 897 2491 testes
919 2432 1081 2490 sollemnes
1104 2430 1350 2490 adscriberentur.
1393 2429 1431 2487 Ei

140 2531 196 2590 soli
219 2533 343 2608 negotio
365 2542 462 2592 aetate
484 2534 678 2610 imperatoria
699 2541 876 2610 quaestores
897 2534 1003 2592 urbani
1024 2533 1160 2592 videntur
1183 2533 1347 2592 vacavisse.

104 2632 147 2690 Ad
169 2652 197 2691 v.
215 2633 244 2690 8.
262 2633 290 2691 9.
309 2635 356 2693 10.
394 2632 471 2694 Cum
484 2635 697 2695 vetustioribus
725 2645 844 2696 senatus
867 2635 1011 2695 consultis
1028 2635 1176 2694 subscribi
1192 2633 1289 2693 soleat
1302 2635 1432 2693 vocabu·

141 2735 202 2794 lum
225 2754 369 2808 emouere,
391 2736 493 2796 addito
516 2746 614 2798 aetate
634 2737 827 2815 imperatoria
847 2738 933 2815 (puto
955 2758 993 2798 ex
1013 2739 1225 2797 constitutione
1240 2737 1278 2795 ab
1290 2738 1431 2813 Augusto

139 2854 165 2895 a
181 2838 431 2910 u.c.l451ata,
458 2839 494 2898 de
521 2859 581 2917 qua
607 2842 748 2918 exposuit
776 2839 835 2899 Dio
858 2841 945 2912 53,3
970 2841 1007 2899 cs.
1032 2840 1086 2912 54,
1104 2839 1163 2916 35)
1186 2847 1357 2898 senatorum
1379 2839 1430 2914 qui

140 2939 322 2998 sententiam
349 2940 386 2998 de
414 2960 450 3000 ea
475 2961 509 3000 re
533 2943 674 3002 tulissent
700 2961 837 3014 numero,
864 2942 914 3001 hic
935 2953 969 3000 ut
988 2960 1128 3001 numerus
1149 2941 1220 2999 item
1242 2940 1428 3012 adscribitur,

139 3039 181 3099 ita
207 3061 268 3119 pro
296 3041 375 3100 nudo
406 3043 546 3103 censendi
574 3044 718 3104 vocabulo
745 3045 873 3103 formula
904 3044 1026 3104 inducta
1056 3054 1101 3104 est
1131 3043 1258 3102 formam
1289 3041 1429 3102 censendi

140 3143 309 3202 accuratius
331 3144 485 3205 declarans
507 3145 651 3223 e(eaotoa)
673 3146 858 3222 c(oasattom)
876 3166 932 3222 per
953 3148 1151 3206 discessionem
1165 3148 1287 3220 sactum.
1328 3144 1365 3204 Id
1387 3144 1428 3202 si-

139 3243 250 3304 militer
272 3253 305 3304 ut
325 3247 355 3305 in
376 3253 407 3306 in
422 3258 543 3307 senatus
558 3249 695 3308 consulto
710 3248 922 3326 perscribendo
937 3250 1149 3332 enuntiaretur,
1172 3255 1242 3324 post
1258 3249 1427 3325 Augustum

139 3350 335 3407 constitutum
359 3350 399 3409 sit
419 3369 542 3410 neeesse
564 3359 617 3410 est.
661 3351 797 3427 Utraque
820 3331 918 3410 autern
940 3350 1093 3410 adnotatio
1115 3351 1262 3426 reperitur
1282 3349 1429 3409 translata

139 3467 178 3507 cx
197 3449 268 3508 loco
290 3459 424 3510 extremo
446 3453 478 3510 in
499 3452 596 3531 ipsum
619 3463 740 3512 senatus
762 3454 890 3512 consulti
912 3453 1101 3531 principium.

104 3550 149 3608 Ad
169 3571 197 3609 v.
215 3550 267 3611 25.
311 3550 411 3613 Verba
433 3565 526 3614 actum
548 3555 641 3614 idibus
662 3555 774 3616 Octobr.
796 3555 832 3614 P.
850 3556 950 3616 Cassio
971 3555 1101 3614 Secundo
1116 3555 1160 3612 M.
1178 3555 1274 3613 Nouio
1288 3553 1428 3612 Mactuuo'

139 3670 197 3710 non
224 3661 297 3712 sunt
326 3673 397 3731 pars
430 3664 551 3715 senatus
584 3658 726 3731 consulti,
759 3659 813 3718 sed
840 3657 995 3716 exordium
1021 3657 1065 3715 ita
1089 3657 1278 3728 continuant,
1310 3665 1343 3715 ut
1370 3657 1428 3715 boo

139 3755 309 3833 significent
341 3765 464 3817 senatus
500 3759 669 3817 consultum
702 3778 737 3818 ea
770 3760 817 3818 die
851 3760 1033 3836 descriptum
1070 3767 1100 3817 et
1130 3759 1314 3836 recognitum
1349 3777 1426 3818 esse.

138 3855 219 3916 Nam
248 3859 357 3918 similis
382 3859 513 3918 formula
538 3861 616 3920 redit
634 3861 667 3918 in
690 3880 749 3920 nno
770 3861 1029 3921 senatusconsulto
1050 3861 1144 3919 relato
1166 3859 1204 3918 ab
1225 3861 1355 3937 Iosepho
1378 3860 1425 3934 14,

142 3956 267 4032 10,10,
294 3961 346 4019 ubi
372 3971 441 4038 post
466 3962 566 4039 ipsum
593 3963 743 4022 decretum
770 3983 835 4022 cum
862 3963 1047 4040 praescripto
1071 3963 1119 4021 dis
1145 3962 1189 4021 111
1214 3961 1254 4021 id.
1277 3963 1351 4040 Apr.
1378 3979 1426 4020 se·

140 4070 271 4136 quantur
297 4061 387 4120 verba
412 4063 501 4123 haec:
527 4056 638 4140 ἐγένετο
663 4059 715 4148 apd
742 4055 819 4122 πέντε
845 4059 925 4122 cibuto
951 4057 1148 4148 Φεβρουαρίων
1173 4061 1201 4120 ἒν
1226 4065 1267 4140 τῷ
1292 4064 1354 4140 ναῷ
1377 4065 1427 4132 τῆς

138 4154 285 4224 Ὁμονοίας
311 4165 484 4225 consulibus
510 4167 633 4226 omissis
658 4167 786 4226 tortasse
812 4167 900 4243 culpa
922 4167 1057 4243 Iosephi;
1083 4149 1250 4240 habentque
1272 4165 1344 4224 baec
1367 4164 1425 4223 duo

142 4267 403 4325 senatusconsulta
430 4268 495 4326 sola
521 4287 561 4327 ex
587 4267 625 4327 iis
651 4285 727 4344 quae
755 4277 917 4345 supersunt
943 4268 1099 4328 exordium
1121 4267 1158 4326 de
1178 4266 1374 4326 describendo
1397 4275 1426 4324 et

141 4368 391 4444 recognoscendo.
435 4369 524 4429 Unde
551 4379 674 4447 apparet
701 4371 848 4429 eiusmodi
874 4371 987 4429 dierum
1015 4369 1221 4428 adnotationes
1249 4388 1315 4428 cum
1338 4387 1425 4427 exor-

142 4465 198 4526 diis
225 4469 449 4546 coniungendas
475 4471 593 4548 essa¹).
639 4471 777 4548 Denique
799 4473 957 4532 exordium
979 4473 1058 4532 diem
1079 4471 1298 4549 quodammodo
1325 4469 1426 4546 requi·

141 4567 191 4640 rit3
213 4588 283 4629 nam
306 4572 483 4650 saepissime
504 4573 703 4634 instrumenta
723 4575 872 4652 descripta
887 4584 917 4633 st
930 4575 1083 4652 recognita
1097 4575 1140 4633 ita
1153 4572 1370 4648 concipiuntur,
1392 4581 1426 4630 ut

142 4671 305 4748 exemplari
330 4672 476 4751 descripto
502 4682 704 4754 praeponatur
724 4677 879 4736 exordium
902 4679 939 4737 de
960 4676 1169 4749 describendo,
1194 4675 1339 4734 adiciatur
1361 4673 1424 4733 dies

175 5003 198 5068 ¹)
226 5007 312 5056 Aliter
335 5007 367 5056 da
389 5006 448 5056 loco
471 5007 576 5071 Iosepbi
599 5003 723 5058 indicavit
741 5007 893 5059 Huabnerus
916 5011 943 5060 in
968 5009 1152 5059 commentario
1178 5009 1210 5058 de
1235 5009 1308 5060 actia
1322 5014 1424 5058 senatus

110 5107 131 5156 P·
148 5109 171 5159 q·
189 5095 221 5148 R.
239 5113 265 5164 p.
281 5100 330 5162 ts;
348 5098 395 5148 aad
413 5099 566 5149 documento
584 5099 612 5148 in
631 5100 724 5150 Africa
743 5107 843 5164 reporto
863 5102 977 5168 quaestio
997 5101 1083 5152 decha
1101 5107 1147 5151 est.
