3530 5932
405 529 494 599 186Ι
651 534 677 556 ·’
975 543 1155 596 conssrant

406 718 463 779 76.
506 717 627 778 Tabula
646 736 814 779 marmorea
839 717 935 777 fracta
961 717 1069 776 litteris
1095 715 1213 774 Latinis
1235 720 1382 794 inscripta
1402 715 1554 774 deficiente
1580 721 1702 793 superiore

446 822 510 880 eius
531 833 630 898 ponte,
663 821 784 880 invente
816 824 846 878 in
876 837 950 898 agro
977 819 1127 878 Frenteno
1156 839 1175 876 a
1202 819 1338 878 Vincermo
1365 817 1494 878 ainaldo
1522 837 1608 895 prope
1632 819 1702 878 Cere-

444 923 575 996 eale'nda‚
598 935 662 983 tum
683 922 764 1000 apud
786 923 887 982 Ambr.
912 922 1039 996 Caroea,
1061 939 1139 980 nunc
1165 925 1196 978 in
1218 940 1322 981 museo
1344 919 1559 998 Neapolitano:

636 1059 843 1176 nunt>
1527 1137 1532 1146 ,

466 1227 565 1289 lACE
587 1227 824 1290 AMANAFED
847 1227 907 1324 ESl
922 1225 1004 1304 [dum
1311 1228 1360 1286 hic
1381 1227 1515 1302 perfecit,
1536 1227 1609 1289 idem

626 1366 846 1428 PROFATED
1384 1367 1532 1445 probavit.

490 1543 585 1602 Tituli
615 1544 821 1621 apographum
846 1542 930 1602 misit
953 1540 991 1600 R.
1018 1538 1167 1614 Sohoene,
1200 1560 1239 1599 ex
1266 1559 1327 1618 quo
1354 1551 1495 1618 apparet,
1522 1543 1585 1600 eius
1605 1541 1705 1618 primun

406 1664 526 1706 versum
547 1646 642 1704 fracto
663 1644 762 1722 lepide
783 1646 827 1704 ita
845 1645 1014 1704 mutilatum
1035 1661 1070 1702 ac
1089 1662 1185 1720 paene
1199 1643 1328 1702 deletum
1345 1662 1420 1716 esse,
1443 1653 1476 1700 ut
1489 1653 1600 1702 tantum
1614 1642 1706 1700 infimae

406 1748 572 1826 particulae
593 1749 683 1806 trium
705 1747 753 1806 vel
775 1757 917 1824 quattuor
937 1746 1102 1805 litterarum
1123 1755 1243 1817 restent,
1265 1765 1392 1823 quarum
1414 1746 1499 1804 nulla
1519 1745 1613 1822 qualis
1632 1745 1707 1812 inerit¹

351 1879 353 1893 ι
407 1870 462 1929 pro
484 1863 564 1910 certo
587 1850 730 1908 affirmari
751 1860 859 1927 potest.
903 1849 944 1908 Et
965 1854 1008 1907 sie
1030 1867 1084 1925 ego
1106 1849 1173 1925 ipse
1195 1848 1256 1908 vidi
1270 1848 1403 1907 tabulam
1425 1848 1463 1906 ed
1479 1849 1618 1926 parietem
1635 1844 1706 1905 musei

405 1951 598 2031 Neapolitani
628 1951 773 2026 adfixam,
811 1953 912 2029 ibique
941 1951 1053 2011 frustra
1084 1970 1123 2008 ex
1158 1937 1304 2028 relliquiis
1334 1951 1423 2028 primi
1456 1968 1562 2010 verens
1592 1948 1708 2008 vocabule

408 2053 491 2115 Osca
518 2055 675 2114 restituere
707 2065 832 2114 conatus
867 2073 943 2113 sum.
996 2053 1131 2113 Titulum
1165 2051 1311 2113 Garrucci
1345 2054 1474 2132 primum
1502 2052 1657 2130 publicarit
1680 2069 1707 2107 ex

408 2157 584 2236 apographo
621 2160 658 2216 A.
693 2155 829 2218 Oarabae
866 2157 946 2216 huno
978 2157 1010 2214 in
1042 2156 1172 2228 modum,
1231 2155 1352 2215 Memor.
1383 2155 1484 2215 Ercol.
1518 2157 1625 2215 derel.
1659 2152 1708 2219 l'll,
1758 2153 1759 2180 ¹

409 2261 544 2338 Append.
562 2279 595 2337 p.
618 2259 671 2318 26:
708 2259 749 2318 N.
772 2259 862 2317 Bairi
883 2259 923 2317 N.
946 2279 983 2317 m.
1007 2269 1025 2318 t.
1047 2277 1070 2317 e.
1094 2269 1113 2317 t.
1136 2255 1323 2338 1111111Ιί111
1344 2259 1501 2333 amanased
1521 2256 1644 2332 1118111111
1657 2275 1709 2332 pru·
1758 2281 1759 2336 p

402 2363 496 2440 sated.
550 2362 586 2420 Iu
613 2362 716 2420 eodem
748 2371 833 2420 textu
867 2365 1010 2438 seriptum
1043 2361 1133 2419 habet
1160 2362 1299 2438 prosatori
1334 2359 1473 2420 Guarini.
1530 2361 1590 2420 Iter
1622 2374 1708 2434 coptu,

410 2465 530 2524 Mansio
559 2464 647 2537 VIII,
668 2463 780 2540 Napoli
800 2465 886 2535 1861,
906 2483 937 2540 p.
959 2463 993 2534 9,
1024 2483 1063 2522 ex
1085 2463 1168 2523 cuius
1191 2463 1282 2534 libro,
1311 2481 1399 2539 quem
1420 2464 1488 2540 ipse
1508 2462 1650 2539 inspicere
1667 2475 1710 2517 nou

412 2568 508 2646 potui,
542 2564 580 2626 G.
609 2566 646 2624 de
670 2565 763 2624 Petra
789 2566 863 2624 haec
884 2566 959 2624 mihi
979 2567 1072 2626 verba
1091 2566 1249 2642 rescripsit
1280 2565 1317 2625 de
1343 2567 1402 2626 hoc
1423 2566 1510 2624 titulo
1533 2566 1618 2636 dicta,
1643 2582 1669 2640 p·
1686 2560 1711 2616 9:

410 2669 468 2744 „In
493 2668 603 2746 oppido
633 2668 845 2729 Coracalcndoe
875 2687 970 2744 prope
997 2661 1142 2726 Larinum
1170 2669 1377 2728 Ileatanorum
1405 2669 1442 2728 ab
1468 2689 1516 2728 an.
1541 2686 1631 2744 usque
1651 2663 1709 2722 lili

412 2773 568 2845 detectum,
591 2771 724 2849 mihique
744 2772 889 2830 hactenus
916 2789 1033 2831 summo
1060 2770 1161 2829 studio
1188 2771 1376 2830 occultatum.
1421 2768 1514 2830 Suum
1544 2769 1642 2829 deinde
1659 2763 1713 2824 iecit

411 2875 580 2935 Ambrosius
615 2873 729 2932 Caraca
760 2893 808 2932 an.
834 2873 924 2946 1847,
956 2875 1080 2951 eiusque
1101 2873 1287 2950 exemplaria
1308 2863 1407 2932 'varia
1432 2880 1495 2931 tum
1522 2873 1642 2932 Romam
1663 2885 1713 2926 eun

288 3021 292 3038 .
411 2977 574 3056 Neapolim
594 2976 803 3036 transmissa“
846 2975 920 3034 Inde
942 2976 1133 3054 intellegitur,
1155 2976 1244 3034 etiam
1265 2976 1344 3033 hunc
1366 2976 1461 3035 virum
1485 2975 1603 3035 doctum
1623 2967 1715 3031 nonnisi

412 3099 451 3140 ex
472 3079 648 3160 apographo
671 3076 807 3138 Carabae
826 3079 947 3138 novisse
969 3079 1098 3138 titulum.
1141 3079 1255 3138 Postea
1269 3075 1416 3138 Garrnoci
1439 3079 1477 3136 ab
1499 3079 1603 3139 eodem
1622 3086 1716 3135 auctore

412 3183 489 3242 alias
508 3183 654 3242 lectiones
675 3181 799 3260 protulit
820 3192 910 3257 atque
932 3189 1030 3240 autea.
1073 3181 1154 3240 Bell.
1179 3182 1257 3241 arch.
1278 3180 1358 3257 Nap.
1380 3201 1426 3240 ao.
1449 3200 1473 3241 e.
1495 3181 1524 3253 I,
1544 3201 1576 3258 p.
1592 3179 1637 3251 83,
1656 3175 1717 3235 rel:

411 3285 455 3344 Ni
477 3284 565 3343 Bciri
585 3283 637 3356 H,
659 3303 700 3342 va.
723 3284 757 3343 3.-
786 3285 941 3361 prosated3
971 3284 1041 3342 inde
1062 3285 1187 3356 Heraea,
1221 3283 1352 3342 Balld.
1375 3281 1616 3354 1111111852,
1638 3299 1664 3356 p.
1683 3275 1716 3344 91,

412 3388 465 3447 ubi
493 3387 605 3464 legitur
635 3404 676 3443 oa.
702 3385 738 3444 2.-
771 3385 856 3458 lcaee,
883 3387 1014 3445 Fabretti
1046 3386 1078 3445 0.
1101 3387 1129 3444 I.
1151 3387 1188 3446 It
1211 3405 1239 3444 a.
1263 3386 1347 3445 2871.
1391 3385 1529 3460 Dederis,
1563 3385 1597 3444 F.
1618 3383 1644 3442 d.
1664 3377 1715 3438 Ort.
1758 3389 1759 3392 ’

413 3491 483 3568 Spe.
504 3509 531 3548 a
554 3487 680 3546 XXIX.
723 3487 889 3564 Postquam
910 3489 988 3567 lapis
1011 3507 1089 3547 anuo
1115 3486 1193 3547 1862
1216 3506 1235 3545 a
1256 3485 1376 3546 Oaroba
1398 3489 1535 3548 venditus
1556 3489 1587 3546 in
1608 3499 1716 3545 muscum

412 3591 649 3669 Neapolitanum
670 3590 774 3649 illatus
797 3603 852 3663 est,
874 3610 961 3649 nemo
983 3591 1059 3650 vidit
1080 3592 1211 3668 integras
1228 3591 1317 3666 primi
1339 3608 1446 3650 versus
1460 3590 1586 3663 litteras,
1608 3605 1673 3664 quas
1690 3599 1719 3638 ex

415 3694 498 3752 illius
522 3692 697 3772 apographo
719 3693 845 3769 protulit
860 3691 1014 3767 Garrucci,
1038 3692 1091 3752 sed
1112 3693 1241 3770 primum
1258 3691 1392 3752 Schoene
1412 3693 1488 3751 nihil
1509 3693 1569 3750 nisi
1589 3685 1718 3762 relliquiae

414 3796 478 3855 eius
512 3814 607 3873 paene
639 3794 783 3854 evanidas
810 3795 955 3872 repperit,
988 3805 1051 3853 tum
1078 3795 1196 3853 demum
1226 3793 1351 3853 Fiorelli
1383 3811 1433 3853 ex¹
1449 3795 1492 3854 eis
1529 3789 1720 3854 restituendum

413 3898 531 3976 putavit
551 3896 666 3956 litteras
687 3907 829 3974 quattuor
849 3901 880 3955 ni
896 3896 976 3968 .'l›a.,
1010 3907 1040 3955 et
1061 3897 1199 3956 cancellis
1221 3896 1352 3956 inclusae
1375 3896 1488 3955 addidit
1508 3905 1659 3973 sequentes
1677 3887 1721 3946 Ca·
1758 3943 1759 3950 ,

414 4001 505 4060 rabae
526 4001 653 4070 litteras,
686 4000 777 4060 Calai.
804 4018 875 4057 mus.
901 3999 980 4076 Nep.
1007 4001 1096 4058 Raec.
1119 4003 1209 4077 epipr.
1232 4020 1259 4058 n.
1282 3999 1352 4058 134.
1396 3999 1462 4058 Has
1484 4008 1585 4058 autem
1609 4013 1659 4073 ego
1677 3993 1722 4048 itm

414 4110 503 4162 antea
533 4104 566 4161 in
599 4102 800 4179 suspicionem
823 4103 976 4161 vocandas
1003 4103 1182 4174 existimavi,
1216 4101 1295 4178 qnod
1317 4102 1448 4161 formula
1468 4099 1591 4177 m(edir)
1612 4089 1719 4174 1118111)

415 4205 565 4281 aecana)
601 4203 769 4281 t(anpiaad)
805 4205 837 4262 in
872 4205 956 4264 nullo
992 4205 1052 4264 alio
1088 4206 1209 4281 liuguae
1237 4204 1336 4263 Oscae
1366 4215 1559 4263 monumento
1590 4202 1635 4260 his
1663 4194 1723 4254 notis

416 4310 531 4386 scripta·
547 4306 728 4383 reperiatur,
758 4315 787 4364 et
812 4317 882 4384 post
908 4327 975 4365 eam
1000 4305 1179 4367 vocabulum
1208 4325 1292 4368 atam
1318 4324 1378 4365 non
1405 4305 1518 4366 Oscum
1546 4305 1586 4364 sit
1611 4300 1660 4362 sed
1678 4295 1721 4355 te-

416 4410 511 4469 tinum
532 4409 581 4484 (Z.
597 4412 625 4486 s.
648 4409 736 4485 vcrpl.
765 4406 834 4485 Spr.
857 4408 918 4480 XI,
947 4411 1015 4480 427,
1042 4408 1124 4486 net).
1168 4407 1227 4466 His
1255 4409 1393 4468 omnibus
1421 4409 1511 4486 igitur
1538 4402 1683 4486 perpensis
1700 4397 1722 4453 iu

416 4531 482 4572 eam
504 4531 552 4569 me
574 4512 752 4570 sententiam
776 4510 934 4569 deductum
956 4511 1055 4583 video,
1077 4523 1110 4569 ut
1130 4511 1258 4587 primum
1276 4529 1395 4570 versum
1410 4511 1613 4588 inscriptionis
1634 4505 1666 4564 de
1679 4515 1724 4576 qut

416 4619 515 4694 agitur
541 4633 561 4672 a
586 4611 706 4672 Oaraba
727 4632 788 4671 non
809 4613 862 4686 ita,
890 4623 923 4672 ut
944 4613 1073 4692 scripsit,
1101 4613 1248 4689 integrum
1270 4614 1301 4672 in
1322 4613 1427 4672 tabula
1446 4613 1544 4672 oculis
1564 4612 1654 4668 visum
1674 4617 1723 4662 este
1758 4667 1759 4682 ἢ

416 4715 529 4788 dicam,
567 4716 620 4775 sed
646 4715 808 4774 maximam
834 4727 950 4791 partem
977 4699 1141 4792 exipsius
1163 4716 1284 4792 ingenio
1306 4715 1438 4774 additum
1466 4714 1505 4773 ad
1526 4711 1722 4788 inscriptionem
1758 4693 1759 4774 l

418 4817 616 4896 supplendam
639 4829 670 4877 et
689 4817 911 4878 restituendam.
956 4817 1095 4894 Denique
1109 4818 1328 4876 observandum
1343 4825 1400 4889 est,
1422 4817 1511 4875 etiam
1532 4816 1643 4892 integre
1655 4807 1725 4866 huius

417 4920 624 4996 inscriptionis
645 4921 738 4980 verba
758 4920 894 4980 recedere
916 4939 976 4979 non
991 4920 1088 4979 solum
1110 4939 1130 4978 a
1151 4920 1301 4978 scribendi
1316 4938 1408 4991 more,
1430 4919 1584 4978 sedetiam
1605 4907 1724 4973 eternis
1758 4905 1759 4924 ¹

418 5023 631 5082 vocabulorum
660 5024 781 5101 linguae
809 5024 915 5083 Oscae.
960 5021 1097 5098 Namque
1124 5041 1179 5098 pro
1202 5022 1392 5095 aomanaffed,
1419 5021 1562 5080 habemus
1584 5009 1724 5085 1111111111·

418 5143 473 5202 pro
501 5125 828 5203 prisattedrprosotcd,
861 5125 934 5201 quin
966 5125 1055 5183 etiam
1088 5144 1143 5202 pro
1171 5123 1255 5182 Osca
1279 5123 1465 5199 pronominis
1492 5123 1588 5182 forma
1614 5117 1671 5177 eir-t
1690 5108 1724 5167 rel

418 5231 480 5289 ica-e
500 5227 633 5289 eiusdem
656 5229 774 5306 generis
797 5237 830 5286 ut
851 5227 922 5298 e'o-lc,
945 5230 1012 5300 inc,
1041 5230 1129 5298 ion-c,
1151 5225 1239 5298 elci-lc,
1261 5225 1358 5300 elea-lc,
1381 5225 1493 5298 elcan-lc,
1522 5221 1628 5294 ekae-le,
1649 5231 1722 5274 ero-r.
1758 5205 1759 5208 ¹
