3532 5938
804 1905 1262 2021 ADDITAMENTA

681 2097 757 2264 hl)
785 2182 995 2267 INDICES
1024 2183 1312 2268 VOLVMlNlS
1342 2184 1370 2267 Ι.

951 2469 1103 2478 ⁶-—

362 2822 456 2928 Cum
479 2876 548 2928 ante
562 2870 618 2928 hos
641 2867 744 2927 decem
767 2886 862 2927 annos
877 2868 991 2928 indices
1005 2867 1166 2928 voluminis
1188 2868 1278 2946 primi
1294 2867 1496 2941 conficiebam,
1518 2887 1599 2946 opus
1623 2889 1694 2929 sane

363 2972 458 3050 magis
480 2971 666 3030 laboriosum
694 2990 782 3048 quam
805 2971 923 3030 doctum
946 2972 1134 3049 primumque
1155 2971 1220 3031 eius
1240 2971 1367 3050 generis,
1395 2973 1427 3030 iu
1454 2989 1515 3049 quo
1539 2973 1694 3044 versabar,

362 3076 463 3133 statim
485 3083 553 3152 post
574 3074 712 3151 plagulas
734 3075 898 3151 impressas
913 3074 1058 3151 quaedam
1080 3073 1199 3152 repperi
1213 3092 1290 3150 quae
1310 3073 1448 3133 adderem
1463 3076 1695 3153 corrigeremve3

361 3196 398 3236 ea
418 3177 574 3254 composui
600 3178 706 3237 ultima
731 3176 861 3236 indicum
889 3177 1000 3253 pagina
1020 3175 1121 3253 (646).
1163 3176 1235 3236 Alia
1256 3176 1365 3236 menda
1391 3185 1498 3254 postea
1519 3178 1693 3250 observavi3

360 3280 498 3358 inprimis
527 3288 625 3339 autem
646 3281 737 3339 index
758 3279 971 3358 grammaticus
992 3279 1053 3338 iam
1074 3289 1136 3338 tum
1158 3299 1220 3338 nou
1240 3279 1387 3339 satisfecit
1408 3281 1593 3357 sensimque,
1624 3281 1695 3339 dnm

361 3383 470 3442 iterum
492 3382 671 3460 tertiumque
704 3403 739 3442 eo
761 3383 951 3460 potissimum
989 3388 1057 3440 utor
1077 3381 1108 3441 in
1131 3381 1243 3442 scholis
1265 3383 1480 3462 grammaticis,
1516 3401 1577 3442 non
1599 3402 1695 3460 parva

362 3485 564 3544 addendornm
576 3485 787 3546 demendorum
799 3485 1007 3544 mutandorum
1018 3485 1165 3544 succrevit
1175 3485 1294 3544 messis.
1319 3483 1441 3546 Scilicet
1455 3505 1523 3545 cum
1536 3505 1551 3544 e
1562 3487 1693 3546 colloca-

361 3587 453 3646 tionis
467 3588 543 3665 lege‚
559 3607 648 3664 qnam
663 3587 736 3647 mihi
755 3587 822 3659 leci,
836 3587 992 3665 complura
1005 3587 1141 3665 pluribus
1156 3587 1296 3664 ponenda
1317 3597 1403 3647 erant
1423 3587 1507 3662 locis,
1529 3589 1641 3648 accidit
1662 3601 1694 3648 nt

361 3709 438 3767 quos
463 3690 496 3750 in
516 3691 615 3750 indice
635 3689 816 3769 perficiendo
839 3690 963 3749 adhibui
985 3709 1094 3768 operae
1115 3698 1168 3749 aut
1190 3689 1324 3750 delerent
1350 3691 1500 3750 interdum
1521 3691 1691 3764 schedulas,

361 3812 440 3870 quac
460 3794 568 3854 iterum
589 3801 675 3853 erant
702 3793 901 3864 adhibendae,
938 3801 990 3851 aut
1017 3793 1120 3869 pravis
1141 3793 1214 3853 locis
1243 3793 1439 3868 collocarent;
1472 3811 1606 3870 quaeque
1629 3795 1693 3854 eins

361 3901 479 3974 generis
503 3905 573 3956 sunt
593 3896 668 3954 vitia
690 3895 810 3955 similia.
855 3895 922 3955 Hoc
944 3914 1005 3954 nou
1025 3894 1092 3954 dico
1115 3904 1148 3955 ut
1169 3915 1216 3954 me
1238 3914 1377 3956 excusem
1401 3895 1484 3973 (nem
1507 3917 1604 3956 meum
1627 3909 1692 3956 erat
1763 3895 1764 3958 ι

361 4007 441 4058 certe
463 4017 568 4058 curare
593 4008 625 4058 ut
652 3997 726 4057 talia
747 4017 905 4076 operarum
934 3999 1008 4057 vitia
1034 3997 1229 4076 vitarentur),
1257 4000 1312 4059 sed
1342 4010 1375 4058 ut
1396 3999 1493 4059 sciant
1517 4000 1569 4078 qui
1593 3999 1692 4058 indice

362 4110 483 4160 utuntur
510 4120 569 4161 non
605 4101 706 4160 omnia
736 4120 813 4178 quae
838 4110 890 4160 aut
914 4102 1028 4161 omissa
1057 4109 1126 4160 sunt
1156 4113 1207 4161 aut
1231 4101 1318 4162 aliter
1351 4110 1441 4178 atque
1467 4103 1691 4180 expectaverint

362 4203 509 4262 collocata
538 4204 675 4264 consulto
703 4204 818 4264 omissa
850 4221 917 4264 esse
939 4204 1141 4290 collocatave,¹
1160 4205 1214 4264 sed
1239 4205 1336 4263 errori
1358 4203 1504 4282 quaedam
1526 4205 1691 4264 tribuenda.

362 4307 488 4365 Accedit
508 4307 588 4383 quod
610 4307 700 4385 paulo
721 4317 791 4385 post
812 4325 889 4382 opus
912 4307 1023 4366 editum
1044 4308 1135 4367 homo
1158 4307 1268 4383 aliquis
1284 4306 1476 4366 doctissimus
1498 4317 1528 4366 ct
1548 4324 1690 4383 perquam

362 4421 518 4469 accuratus
544 4417 645 4486 partes
672 4409 787 4485 aliquot
815 4409 923 4468 indicis
951 4409 1137 4488 grammatici
1164 4427 1281 4468 summa
1308 4426 1376 4468 cum
1402 4399 1558 4486 diligentia
1576 4409 1689 4467 exami-

362 4513 446 4570 navit
466 4529 666 4588 numerosque
688 4529 808 4586 omnes,
834 4529 911 4588 quos
939 4513 1003 4587 ipse
1033 4512 1091 4570 sibi
1112 4513 1191 4571 inter
1219 4512 1377 4588 legendum
1399 4519 1580 4582 enotaverat,
1608 4527 1687 4568 com·

362 4614 488 4690 paravit.
533 4613 564 4672 Is
580 4633 786 4692 quaecumque
801 4625 901 4673 errata
914 4615 1029 4674 invenit
1042 4627 1105 4674 tum
1118 4633 1231 4674 meeum
1246 4614 1479 4675 communicavit
1493 4611 1687 4674 intercedente

362 4715 459 4775 arnico
486 4717 632 4793 quodam3
660 4736 768 4776 nomen
795 4726 892 4777 autem
921 4735 1009 4775 suum
1036 4717 1067 4774 in
1094 4717 1244 4795 publicum
1274 4717 1402 4794 proferri
1432 4715 1534 4776 noluit.
1578 4713 1687 4790 Itaque

362 4836 531 4895 quanquam
563 4821 596 4879 in
624 4821 794 4880 universum
824 4821 875 4896 qui
902 4820 933 4879 in
955 4831 1018 4878 arte
1039 4821 1234 4896 grammatica
1254 4823 1392 4896 occupati
1418 4837 1542 4896 corpore
1561 4815 1685 4890 inscrip·
1761 4893 1762 4906 χ

363 4921 475 4979 tionum
499 4929 624 4982 utuntur
645 4941 700 4982 suo
721 4924 786 4982 iure
801 4921 904 4982 titulos
920 4923 1003 4999 ipsos
1018 4923 1120 4998 potius
1142 4931 1232 4998 quam
1247 4921 1361 4982 indices
1376 4921 1566 4991 adhibebunt,
1587 4925 1687 4975 tamen

362 5022 517 5100 religionis
540 5025 613 5084 mihi
635 5026 732 5084 visum
753 5035 810 5098 est,
832 5033 865 5083 ut
886 5044 965 5101 quae
987 5025 1169 5103 peccaverim
1193 5024 1318 5084 candide
1341 5023 1486 5082 confitear
1507 5021 1686 5094 efficiamque

362 5144 400 5184 ne
421 5124 572 5185 latitarent
593 5127 713 5186 omnino
736 5146 813 5206 quae
840 5129 929 5187 etiam
951 5127 1035 5186 illam
1057 5127 1220 5187 voluminis
1248 5127 1338 5204 primi
1364 5133 1481 5203 partem
1503 5123 1595 5202 paullo
1616 5139 1686 5197 per-

361 5225 516 5288 fectiorem
538 5229 745 5306 utilioremque
767 5230 892 5290 reddere
913 5237 1047 5308 possent
