3580 5938
383 537 431 608 90
974 551 1123 611 sennan

791 661 944 670 u—u-

469 729 501 796 C.
529 731 679 790 Publicius
708 733 916 792 Viruniensium
944 733 1060 793 libertus
1089 733 1234 794 Asiaticus
1261 733 1368 794 Viruni
1397 733 1431 796 C.
1454 734 1538 795 1.1..
1561 736 1689 796 1114810

547 834 600 911 (=
618 834 713 895 Orell.
730 835 836 912 3017),

467 939 501 1008 Q.
525 937 676 996 Publicius
697 938 821 1016 Lucifer
842 936 962 998 Celeiae
986 937 1175 998 c.1.L.111
1193 938 1283 998 5264.
1419 1007 1422 1016 Ι

421 1043 521 1116 Atque
548 1040 626 1100 inter
647 1040 807 1107 Publicios
830 1042 940 1117 ubique
966 1042 1042 1100 satis
1070 1042 1240 1119 frequentes
1262 1043 1373 1102 similia
1393 1051 1550 1122 praeberes
1570 1046 1692 1121 exempla

420 1143 614 1220 reperientur.

380 1243 509 1306 Senatus
532 1245 682 1305 Tiburtini
705 1247 814 1318 liberti,
836 1254 869 1305 ut
890 1247 1037 1319 videntur,
1057 1247 1128 1305 dieti
1151 1257 1221 1307 sunt
1243 1247 1368 1308 Senatii:

463 1347 599 1408 Sanctius
623 1349 744 1425 Neplcen
766 1359 790 1408 et
811 1350 933 1409 Senatia
955 1351 1051 1410 Flere
1071 1349 1185 1409 Tibure
1206 1350 1331 1411 Henzen
1346 1349 1437 1411 6402.

378 1453 584 1510 Assenserum
606 1451 774 1510 relatorum
796 1452 921 1512 libertus
942 1453 1084 1512 Velatius:

461 1555 492 1613 T.
525 1554 650 1613 Velatius
680 1573 861 1614 accensorum
889 1558 1043 1615 celatorum
1074 1558 1191 1616 libertus
1222 1555 1398 1632 Ganymedes
1431 1555 1545 1617 Romae
1574 1557 1691 1617 Fabretti

546 1657 605 1715 433
621 1657 676 1715 IV.

378 1759 509 1819 Fabrum
533 1760 770 1819 centonariorum
793 1761 947 1820 Fabricius
971 1761 1139 1820 Centenius:

366 1881 369 1897 ·
461 1863 612 1922 Fabricius
640 1864 790 1922 Centenius
819 1864 1000 1939 cellapierum
1027 1864 1143 1922 libertus
1171 1871 1201 1923 et
1226 1864 1366 1924 Fabricia
1397 1863 1535 1924 Centenio
1564 1865 1692 1925 Aretissa

542 1985 615 2024 uuor
636 1965 760 2024 Brixiae
783 1963 818 2026 C.
834 1967 859 2024 Ι.
875 1965 911 2023 L.
927 1965 955 2023 V
971 1965 1062 2024 4422.

376 2069 527 2128 Interdum
556 2069 645 2127 etiam
672 2068 740 2145 ipsa
761 2069 803 2126 rei
826 2069 964 2145 publicae
986 2068 1107 2127 namins
1128 2070 1365 2145 usurpabantnr,
1392 2069 1446 2129 sed
1468 2071 1564 2130 libere
1584 2079 1692 2130 mutate.

376 2173 423 2230 lta
444 2171 539 2231 Polae
560 2181 679 2248 reperta
701 2180 763 2230 est:

459 2273 603 2334 Pollentia
626 2274 768 2333 Processu
789 2275 916 2332 coloniae
936 2273 1068 2332 Pelensis
1090 2273 1192 2332 liberta
1213 2272 1248 2334 C.
1265 2275 1289 2332 I.
1305 2274 1341 2334 1..
1358 2273 1387 2336 V
1403 2275 1451 2336 83.

375 2377 477 2437 Veiisc

466 2481 607 2540 Veientius
623 2480 781 2538 lanuarias
798 2479 911 2538 libertus
932 2480 1069 2537 ailarius
1086 2478 1213 2554 (ordinis
1226 2478 1410 2556 Veientium)
1427 2481 1642 2555 Fabrettilbl,
1655 2484 1694 2540 14.

373 2583 493 2642 Deinde
523 2582 701 2659 cognomina
730 2583 923 2660 oppidorum,
957 2582 1039 2640 velut
1068 2579 1243 2654 Claudium,
1275 2583 1449 2644 libertorum
1480 2585 1602 2643 nemina
1627 2585 1696 2643 laeta

374 2694 454 2758 sunt,
478 2696 548 2764 ut:¹

461 2789 503 2846 Ti.
530 2788 670 2847 Claudius
691 2791 840 2862 municipii
864 2788 989 2846 Celeicni
1011 2789 1127 2846 libertus
1147 2788 1248 2846 Faeer
1270 2785 1388 2848 Celeiae
1411 2787 1445 2848 0.
1461 2790 1484 2848 I.
1501 2789 1537 2849 L.
1553 2791 1600 2850 111
1615 2789 1695 2850 etti.
1773 2809 1774 2840 1

461 2891 585 2950 Claudia
607 2891 715 2950 Suavis
738 2891 898 2948 colonorum
921 2891 1023 2949 liberta
1044 2890 1205 2968 Luguduni
1228 2891 1352 2950 Henzen
1370 2891 1460 2950 6399.

398 3027 400 3035 ,
457 2993 494 3051 P.
523 2993 660 3053 Claudius
690 2997 774 3050 trium
804 2991 971 3052 Galliarum
998 2992 1113 3052 libertus
1142 2994 1324 3054 Abascantus
1353 2992 1442 3069 (item
1469 2994 1507 3054 eb
1536 2994 1694 3074 Luguduno

541 3096 654 3172 dictus)
677 3095 802 3154 Henzen
819 3095 909 3154 6333.

376 3198 417 3258 Hi
444 3199 536 3278 igitur
562 3216 665 3257 omnes
692 3199 905 3257 adieetirorum
928 3217 946 3256 a
967 3198 1042 3257 loeis
1065 3198 1266 3257 derivatorum
1288 3199 1399 3257 formas
1420 3207 1581 3259 consuetas
1602 3202 1630 3258 in
1649 3218 1695 3258 ne
1772 3183 1773 3202 ³

375 3302 522 3372 minibus,
553 3320 630 3378 quae
659 3303 745 3361 liberi
773 3302 845 3360 facti
871 3320 975 3379 gerere
1001 3300 1172 3372 voluerunt,
1202 3301 1335 3360 studiose
1363 3302 1541 3362 vitaverunt.
1585 3302 1696 3361 Dixerit

373 3413 473 3463 autem
495 3404 603 3480 aliquis
626 3405 747 3464 nomina
768 3404 821 3462 ille
842 3403 951 3474 omniu,
974 3421 1051 3479 quae
1073 3403 1161 3462 modo
1182 3402 1340 3481 adscripsi,
1362 3423 1416 3481 per
1438 3405 1640 3480 exceptionem
1657 3406 1696 3462 its
1771 3421 1772 3442 ³

372 3507 501 3565 formata
523 3525 598 3578 esse,
620 3507 729 3564 iustum
743 3525 814 3565 vero
836 3505 1082 3565 consuetudinem
1103 3507 1242 3582 exempla
1264 3507 1416 3566 neminum
1439 3509 1469 3565 in
1491 3527 1565 3566 anus
1586 3507 1695 3566 anobis

373 3610 541 3687 composita
561 3610 713 3685 praebere.
748 3607 807 3669 Sed
827 3609 885 3666 tria
899 3608 1080 3685 protulimus
1094 3608 1234 3685 exempla
1248 3609 1277 3666 in
1292 3608 1391 3668 indice
1405 3610 1501 3682 tertio,
1523 3628 1600 3687 quae
1615 3629 1696 3686 quem

373 3712 411 3770 ad
428 3712 547 3771 madum
562 3712 661 3770 liberti
677 3711 803 3770 Aeclani
818 3709 939 3786 Capuae
953 3710 1079 3769 Venafri
1101 3711 1279 3788 oppidorum
1301 3710 1372 3769 dicti
1395 3722 1465 3769 suut
1485 3711 1695 3771 demonstrant:
1770 3769 1771 3798 ἶ

372 3815 510 3873 nimirum
533 3814 689 3873 Aeclantus
713 3813 888 3890 Campaniae
907 3814 1108 3889 Venafranias,
1129 3831 1189 3870 nen
1209 3812 1354 3872 Aeclanus
1378 3811 1544 3890 Campanus
1561 3814 1695 3890 Venafra-

371 3936 435 3988 nus,
457 3917 597 3975 videlicet
617 3923 649 3974 ut
663 3917 730 3992 ipsa
743 3921 787 3974 ias
803 3915 1008 3975 terminatione
1023 3915 1241 3992 gentiliciorurn
1258 3915 1395 3974 sollemni
1410 3916 1535 3975 liberam
1551 3917 1695 3976 hominurn

372 4019 490 4078 illerum
517 4019 719 4078 condicionem
746 4020 856 4078 diserte
882 4018 1022 4077 indicent.
1066 4019 1168 4094 Atque
1191 4036 1256 4076 eam
1278 4037 1311 4076 re
1333 4035 1405 4077 vera
1424 4019 1518 4077 fuisse
1539 4021 1570 4077 in
1592 4019 1695 4077 talibus
1769 4051 1770 4078 ;

371 4123 542 4180 hominibus
571 4122 759 4180 nominandis
786 4120 1032 4180 consuetudinem
1055 4121 1172 4180 videtur
1198 4121 1286 4178 etiarn
1310 4122 1437 4198 probare
1452 4121 1598 4182 Varronis
1620 4120 1696 4180 testi·

372 4225 503 4284 menium
532 4243 628 4301 neque
650 4225 687 4283 ab
710 4207 875 4283 editoribus
898 4243 953 4283 nee
975 4244 993 4282 a
1015 4223 1094 4282 Guil.
1118 4222 1176 4282 Ad.
1201 4221 1363 4282 Beckero
1390 4223 1439 4299 (in
1462 4223 1623 4282 enchiridio
1645 4241 1695 4281 sue

370 4327 580 4404 antiquitatum
596 4327 799 4386 Romanarum
813 4327 846 4384 11
864 4329 877 4384 1
894 4345 923 4402 p.
938 4327 977 4385 80
992 4325 1060 4384 adn.
1076 4324 1149 4401 183)
1171 4323 1299 4384 feliciter
1320 4333 1492 4396 mactatum
1515 4326 1597 4386 euius
1619 4324 1695 4384 testi·
1768 4393 1769 4418 1

372 4429 463 4489 monii
485 4429 660 4506 particulam
684 4447 776 4507 supra
797 4430 856 4488 iam
879 4430 909 4487 in
932 4445 1019 4487 usum
1040 4428 1221 4487 vocavimus.

454 4533 608 4608 Exposuit
625 4533 703 4590 enim
715 4532 813 4591 Varro
836 4532 891 4590 sub
913 4531 1002 4588 finem
1023 4530 1092 4588 libri
1113 4529 1151 4588 de
1171 4529 1275 4606 lingua
1290 4528 1401 4590 Latina
1415 4533 1513 4590 aeteri
1536 4530 1579 4606 (8,
1596 4529 1696 4604 41ss.)

371 4638 401 4692 in
421 4636 588 4708 nominibus,
612 4653 684 4712 quae
707 4635 840 4710 differunt
860 4653 879 4691 a
901 4633 1056 4704 uocabulis,
1078 4633 1110 4690 id
1131 4632 1229 4691 estin
1248 4633 1417 4692 nominibus
1437 4633 1569 4710 propriis
1585 4653 1696 4693 eorum·
1767 4699 1768 4710 .

371 4756 429 4812 que
451 4737 604 4811 derivatiS,
627 4757 686 4796 non
709 4746 859 4796 servatum
882 4753 950 4795 esse
964 4735 1144 4812 analogiam.
1177 4733 1272 4794 Cuius
1287 4733 1330 4792 rei
1346 4735 1460 4811 aliquot
1473 4736 1587 4822 profert
1602 4755 1695 4795 exem·

370 4840 437 4917 pla,
464 4858 541 4916 quae
563 4840 633 4898 olim
656 4840 796 4910 tractavi,
818 4839 867 4897 hie
889 4856 959 4896 vero
982 4837 1096 4895 omitto.
1142 4835 1258 4896 Deinde
1281 4835 1355 4895 haee
1376 4847 1516 4897 secuntur
1538 4839 1695 4898 secundum

370 4941 477 5000 librum
500 4941 708 5001 Florentinum
730 4941 779 4999 hie
800 4961 818 4999 a
841 4961 887 5000 me
909 4940 1077 5016 perscripta
1097 4946 1127 4998 et
1148 4940 1179 4997 in
1201 4939 1304 5015 paucis
1327 4949 1454 4999 mutata:

524 5047 596 5103 Item
619 5061 691 5121 qaae
714 5047 811 5103 diescat
833 5045 868 5102 ab
891 5043 993 5101 erede
1008 5043 1109 5100 Andre
1126 5043 1226 5119 Cyzico
1248 5041 1380 5101 Rhodius
1393 5043 1524 5102 Andrius
1543 5043 1696 5118 Cyzicenus,

524 5149 653 5206 similiter
671 5146 800 5224 Cyzicius
823 5147 881 5206 dici
903 5143 1050 5219 deberet¹)
1073 5147 1141 5204 ciuis
1156 5147 1358 5220 unusquisque.
1392 5144 1469 5205 Nam
1483 5145 1600 5222 quoe2)
1615 5145 1696 5204 14181-

524 5268 612 5309 naeus
634 5251 739 5312 dieitur
760 5251 856 5310 rieter
877 5251 988 5308 nemine
1009 5250 1062 5306 etsi
1081 5265 1139 5305 nen
1159 5251 1199 5306 sit
1212 5245 1402 5319 Atheniensis,
1425 5251 1456 5306 in
1477 5249 1529 5310 bec
1550 5253 1615 5325 ipse
1630 5265 1694 5308 ana·
