3530 5932
405 543 477 614 162
989 564 1166 618 oonssnu:

401 735 451 795 13.
494 735 622 796 Lamiua
641 737 741 798 fictilis
764 739 857 797 stelae
877 737 988 812 forma,
1015 738 1047 796 in
1074 738 1168 796 altera
1194 748 1279 813 parte
1308 739 1375 817 apri
1403 739 1503 816 effigie
1524 739 1657 810 decorata,
1674 740 1696 798 in

443 839 538 898 altera
568 840 664 899 tribus
699 840 880 900 ornamentis
912 840 949 898 ad
981 840 1088 899 florum
1120 840 1346 900 similitudinem
1372 842 1540 917 expressis,
1576 842 1697 917 utrimque
1753 835 1754 920 i

441 942 595 1019 inscripta,
623 942 744 1002 inventa
770 943 813 1001 ιε’
836 944 925 1016 feudi
950 943 997 1002 del
1017 946 1070 1019 sip.
1098 943 1251 1002 Pattorelli
1277 944 1335 1001 alle
1359 942 1451 1014 Curti,
1480 961 1529 1002 coe
1554 944 1699 1002 εειιπάιυαιι·
1753 927 1754 1002 l

442 1044 562 1104 l’anticc
577 1044 688 1120 Capua,
710 1063 771 1103 non
792 1045 884 1103 multo
907 1052 975 1103 ante
997 1046 1074 1104 diem
1103 1047 1243 1104 lmensis
1267 1043 1407 1104 Octobris
1429 1065 1455 1104 a.
1477 1045 1567 1119 1873,
1588 1063 1656 1104 nunc
1675 1047 1699 1104 in

443 1164 548 1206 museo
578 1144 739 1224 Capuano:

654 1421 797 1497 minieis
817 1480 824 1496 .
844 1422 1027 1498 kaisilliels
1047 1479 1055 1496 .
1074 1422 1243 1497 minatels
1264 1479 1272 1495 .
1291 1422 1448 1520 ner(um)

655 1543 741 1618 ekae
761 1602 769 1617 .
788 1543 919 1620 iuvilas
940 1602 948 1618 .
968 1544 1064 1620 idvel
1084 1604 1091 1619 .
1111 1543 1236 1646 flagiui

706 1647 844 1722 stahint

527 1805 556 1863 b.
579 1804 611 1863 in
632 1803 726 1864 altera
746 1814 832 1884 parte
853 1806 918 1884 apri
940 1805 1039 1884 effigie
1061 1816 1180 1866 ornata:

635 1940 825 2016 .minnieis
846 1998 853 2013 .
873 1940 1056 2016 kaisillieis
1076 1941 1268 2018 .minatels
1288 2001 1296 2016 .
1316 1943 1467 2043 ner(um)

653 2062 740 2137 elias
761 2120 768 2135 .
789 2062 920 2139 iuvilas
940 2121 948 2136 .
968 2063 1065 2137 nivel
1086 2122 1093 2137 .
1113 2063 1265 2164 flagiul.
1288 2065 1426 2141 stahint

549 2197 551 2202 ”
613 2221 709 2292 urnii,
732 2218 870 2294 catsant,
893 2222 1015 2280 Minatis
1031 2222 1176 2281 nobilium

611 2325 668 2382 hae
689 2324 828 2384 iuvantes
849 2341 899 2384 res
922 2321 1076 2400 (deliciae)
1098 2325 1164 2384 Iovi
1185 2325 1379 2406 Fulguratori
1400 2333 1481 2386 stent
1501 2323 1638 2404 (sacrae).

482 2459 585 2519 Edidit
616 2470 645 2519 ct
676 2462 890 2538 interpretatus
920 2471 965 2520 est
995 2462 1023 2519 I.
1046 2462 1211 2534 Mineruiui,
1244 2464 1382 2523 Bulletiu.
1416 2464 1495 2523 della
1532 2461 1704 2522 Commiades.

400 2559 579 2620 Conseruatr.
610 2563 641 2620 di
676 2563 765 2621 Torua
796 2565 828 2620 di
859 2563 991 2635 Lepore,
1027 2563 1137 2623 Turnat
1166 2565 1214 2622 dcl
1241 2569 1258 2626 1
1292 2565 1381 2625 ottob.
1408 2566 1499 2638 1873,
1531 2585 1563 2642 p.
1590 2563 1635 2622 99.
1646 2562 1704 2619 200.

397 2665 534 2739 Apparet
554 2663 586 2722 in
607 2673 734 2740 utroque
756 2665 848 2724 latere
862 2666 990 2724 laminae
1006 2666 1053 2724 vel
1067 2667 1161 2726 stelae
1176 2668 1278 2726 eadem
1294 2669 1385 2727 verba
1400 2667 1482 2727 Osca
1502 2667 1579 2744 legi,
1600 2683 1704 2742 quornm

398 2764 457 2822 duo
478 2767 576 2843 prima
598 2767 760 2842 scriptione
787 2787 823 2826 eo
845 2768 1001 2841 differunt,
1031 2770 1112 2844 quod
1138 2769 1234 2828 altera
1254 2788 1325 2849 pars
1351 2770 1441 2828 habet
1461 2770 1581 2828 Minicia
1602 2777 1629 2825 et
1647 2765 1706 2823 Kal·

398 2866 509 2940 eillieia,
541 2867 637 2927 altera
662 2868 798 2928 dlinuieie
830 2879 859 2928 et
885 2869 1058 2929 Kaiaillc'es'a.
1102 2867 1154 2930 Sic
1181 2890 1273 2950 supra
1300 2871 1430 2930 vidimus
1458 2873 1585 2930 eandem
1610 2869 1707 2928 dedica-

398 2963 490 3028 tionis
512 2969 672 3030 formulam
694 2970 807 3032 Oscam
829 2972 875 3031 bis
897 2972 1036 3050 scriptam
1060 2991 1127 3033 esse
1149 2976 1180 3032 in
1201 2973 1314 3032 lamina
1334 2973 1419 3033 fictili
1440 2971 1587 3050 Capuana
1606 2971 1643 3048 (a.
1656 2968 1706 3044 10).

401 3068 534 3131 Genitivi
557 3074 707 3133 nominum
729 3074 849 3133 Minicia
865 3073 1041 3151 (Minnieis),
1064 3074 1226 3134 Kolaillicla
1242 3075 1433 3152 (Kaisilliea'a)
1455 3077 1590 3136 eiusdem
1610 3073 1707 3151 generis

398 3181 468 3233 sunt
489 3193 523 3234 ac
547 3175 678 3235 Milaieie
700 3175 743 3250 (n.
766 3177 809 3252 5),
835 3177 1003 3248 Niumsiec's,
1028 3177 1209 3249 Meculonio,
1237 3177 1437 3249 kumlenciele,
1463 3190 1571 3238 contra
1591 3176 1707 3236 Minutas

397 3277 559 3352 respondet
581 3278 720 3356 genitivis
742 3277 950 3352 Luciumue,
972 3279 1168 3352 Hereutatele,
1189 3289 1219 3338 et
1240 3299 1349 3339 nomen
1375 3280 1487 3358 gentile
1513 3290 1562 3339 est
1581 3275 1707 3356 particula

398 3381 454 3436 -uti
475 3377 576 3437 adfixa
595 3379 770 3452 formatum,
797 3381 899 3456 qualia
925 3390 954 3438 et
975 3369 1179 3441 Romanorum
1204 3390 1234 3440 et
1262 3381 1458 3441 Etruscorum
1484 3382 1583 3442 fulsse
1608 3385 1707 3441 constat

397 3477 503 3555 (Orell.
530 3481 622 3540 Ineer.
649 3482 739 3540 Hanc.
766 3483 830 3556 ΙΙΙ,
851 3503 882 3559 p.
903 3484 971 3562 243.
1014 3483 1157 3556 Huebucr,
1191 3485 1307 3556 Quaen.
1334 3504 1424 3544 onom.
1447 3504 1480 3561 p.
1508 3487 1559 3544 18.
1589 3483 1620 3542 C.
1645 3481 1706 3540 Kn't.

397 3581 490 3640 Beitr.
517 3602 547 3659 p.
573 3584 647 3643 565.
672 3585 739 3644 566.
774 3582 805 3642 0.
835 3584 964 3661 Spruele
996 3586 1046 3644 der
1067 3585 1211 3644 Etruslcer
1231 3587 1259 3657 Ι,
1285 3587 1347 3646 294
1374 3607 1417 3664 eq.
1445 3587 1536 3664 298).
1579 3582 1707 3659 Ner(uu)‚

398 3685 480 3761 qnod
501 3704 561 3745 non
582 3687 730 3765 integrum
752 3703 819 3746 esse
841 3688 984 3765 scriptum
1007 3687 1082 3745 vidit
1103 3687 1271 3760 Minervini‚
1294 3690 1435 3767 supplevi
1457 3707 1474 3748 e
1495 3689 1626 3768 genitivo
1645 3687 1707 3764 plur.

396 3805 494 3846 aarum
531 3788 650 3847 tabulae
677 3788 824 3848 Bantiuae
854 3787 892 3866 (c.
918 3789 965 3848 29.
992 3789 1060 3866 31),
1092 3809 1180 3867 quem
1212 3790 1391 3869 comparatis
1425 3790 1607 3851 Umbrorum
1636 3788 1707 3847 huius

396 3888 538 3947 vocabuli
565 3891 684 3950 casibus
711 3894 794 3966 uer-s
815 3911 876 3950 acc.
903 3892 979 3969 plur.
1007 3901 1037 3950 et
1062 3910 1157 3950 ner-ua
1183 3891 1243 3950 dat.
1271 3893 1348 3968 plur.
1377 3894 1582 3953 demonstrati
1606 3890 1708 3968 proprie

399 3991 568 4069 significare
586 3994 725 4066 sortium,
756 3994 826 4052 inde
852 3993 1003 4065 nobilium,
1033 3997 1198 4070 principum
1220 3993 1270 4069 (Z.
1285 3998 1314 4071 J.
1336 3995 1424 4071 oerpl.
1447 3995 1518 4072 Spr.
1551 3996 1583 4056 V.
1604 3996 1658 4053 117
1674 4011 1707 4066 up.

398 4095 434 4168 os.
461 4093 627 4166 Mincrcina
655 4095 674 4152 l.
701 4094 751 4171 u).
804 4095 888 4161 Eleas
916 4097 1022 4154 iuuilua
1052 4105 1123 4154 suut
1148 4097 1323 4156 nominativi
1351 4097 1429 4175 plur.
1456 4097 1526 4156 sem.
1554 4108 1587 4157 nt
1613 4093 1706 4159 eleas-l,

397 4214 477 4268 asae,
489 4200 615 4272 ecrcfloe,
628 4196 769 4274 quoniam
784 4199 947 4258 accusativi
960 4199 1035 4275 plur.
1048 4199 1187 4258 eiusdem
1193 4198 1400 4258 declinationis
1413 4200 1507 4272 elcese,
1530 4205 1608 4260 elusa
1618 4208 1709 4257 exeunt

399 4299 433 4356 in
454 4317 492 4357 se.
536 4297 644 4376 ltaque
665 4301 771 4360 iuvilua
787 4302 1006 4361 substantivum
1021 4302 1201 4378 comparatis
1215 4302 1316 4361 verbis
1336 4299 1456 4361 Latinis
1476 4307 1560 4362 tacut
1580 4297 1708 4378 (delectat)

397 4407 427 4458 et
440 4403 579 4460 iucundae
592 4403 773 4480 interpretor
786 4421 832 4462 ree
847 4407 983 4476 iuvantes,
1005 4423 1051 4463 res
1066 4404 1214 4476 iucundae,
1235 4403 1354 4463 deliciae
1369 4398 1566 4487 (χαριστήρια,
1574 4392 1709 4472 neruine),

398 4521 478 4579 quae
499 4504 639 4564 videlieet
660 4523 679 4562 a
700 4505 852 4565 nobilibus
875 4503 1027 4582 capuanis
1048 4506 1080 4564 in
1101 4506 1189 4565 titulo
1211 4505 1371 4564 nominan's
1385 4507 1450 4564 lot-i
1471 4505 1626 4566 dedicatae
1645 4508 1708 4562 sunt

397 4605 481 4664 Idaei
501 4605 626 4682 Flapiuz'
655 4607 769 4684 optima
789 4608 904 4668 ratione
925 4606 951 4666 Ι.
973 4601 1132 4666 Μίιιοιιιίιιί
1154 4608 1318 4685 explicavit
1337 4609 1402 4666 Ioci
1424 4609 1628 4684 sulpureum,
1656 4621 1709 4662 eum

398 4724 562 4784 cognomen
588 4708 636 4767 dei
664 4710 786 4785 Flopiul
815 4711 946 4770 eiusdem
974 4710 1077 4786 stirpis
1104 4710 1146 4768 sit
1172 4723 1204 4767 ut
1230 4708 1405 4768 Latinorum
1431 4712 1579 4786 stuprare,
1603 4707 1709 4782 salpae

390 4809 505 4886 sulpur,
520 4809 635 4890 sulpur,
659 4810 844 4872 Graecorum
859 4803 988 4890 φλέγειν,
1010 4801 1093 4892 φλόξ
1108 4809 1158 4888 (G.
1175 4811 1301 4888 Auaspr.
1316 4812 1364 4884 ΙΙ,
1379 4813 1444 4871 154.
1459 4814 1503 4871 ed.
1521 4813 1567 4890 2).
1589 4811 1710 4882 Denique

398 4911 506 4972 stultiut
527 4936 562 4964 =
593 4923 667 4973 steret
696 4914 901 4975 coniunctivus
934 4924 981 4974 est
1012 4915 1145 4974 eiusdem
1177 4914 1296 4991 generis
1339 4933 1375 4973 ao
1396 4918 1466 4974 etait
1486 4939 1521 4966 =
1543 4923 1604 4986 sut,
1625 4911 1710 4976 tadei,

397 5015 520 5088 deivuid,
554 5033 573 5072 a
603 5020 688 5076 παίει
719 5041 756 5067 --
790 5027 863 5076 erent
895 5017 986 5076 simili
1018 5016 1132 5075 ratione
1164 5016 1301 5075 diversus
1334 5024 1367 5075 ut
1397 5015 1506 5075 Latine
1540 5021 1597 5074 siut
1617 5035 1634 5072 a
1651 5015 1710 5070 eleut

399 5115 450 5193 (0.
473 5117 599 5194 Aaeapr.
623 5120 650 5190 I,
669 5119 738 5178 352.
755 5119 827 5178 728.
851 5121 894 5178 ed.
917 5120 944 5177 2.
988 5118 1099 5177 Euder.
1124 5119 1270 5178 Formenl.
1294 5121 1322 5178 d.
1348 5118 1418 5178 Oak.
1435 5118 1504 5195 Spr.
1523 5137 1556 5194 p.
1572 5117 1632 5194 32).
1653 5113 1709 5187 Quo

399 5221 490 5279 verbo
513 5218 587 5280 Osci
619 5229 743 5280 utuntur
773 5221 804 5280 in
836 5220 1032 5282 dedicationis
1063 5221 1209 5296 formulis,
1242 5231 1276 5279 ut
1305 5220 1414 5284 Umbri
1445 5221 1550 5282 eodem
1578 5217 1662 5278 verbo
1685 5214 1709 5270 in

1753 1145 1754 1182 ι

527 1321 554 1361 a.
576 1302 607 1360 in
628 1315 714 1380 parte
736 1305 833 1396 tribus
854 1305 1035 1363 ornamentis
1057 1303 1118 1363 illis
1139 1304 1263 1383 insigni:
