3580 5938
555 571 706 622 euersor
724 571 919 625 LESBIAOA.
1383 551 1403 622 9

89 749 152 820 cari,
172 747 262 806 filiam
282 747 315 804 in
336 745 441 806 matris
463 765 550 806 sacra
572 745 718 805 adscitam
740 745 842 805 fuisse.
875 745 1083 805 Etluitvero.
1116 744 1257 822 Legimus
1273 745 1304 804 in
1319 746 1406 804 titulo

89 850 118 911 C.
139 850 160 908 I.
183 849 276 910 2183:
305 845 384 910 &esc
413 841 578 915 Σεβαοτᾶο
598 841 728 906 Αἰολίδος
752 839 923 933 καρποφᾶρω
944 841 1158 931 'Aggrammen
1184 848 1236 906 ubi
1261 867 1328 907 cum
1355 849 1407 908 vix

88 955 209 1030 reperias
229 969 290 1030 quo
311 970 412 1012 errore
433 944 596 1016 Σεβαπιῖς
616 951 793 1010 vocabulum
815 952 980 1027 irrepserit,
1003 952 1067 1011 sine
1088 951 1179 1009 dubio
1195 949 1325 1023 Claudii,
1347 970 1407 1010 non

91 1055 250 1116 Germanici
273 1073 351 1114 uxor
372 1055 489 1114 dicitur.
526 1054 642 1114 Tamen
664 1055 804 1132 quoniam
819 1053 1004 1130 Mytilenaei,
1027 1043 1089 1110 νέαν
1110 1047 1189 1110 Secia
1210 1054 1407 1112 inscribentes

90 1159 287 1236 Agrippinam,
309 1158 409 1234 ipsum
431 1176 542 1216 nomen
564 1164 729 1228 tacuerunt,
753 1157 887 1233 sequitur
909 1175 943 1214 eo
960 1157 1065 1216 saltem
1081 1163 1213 1234 tempore
1229 1175 1289 1234 quo
1304 1154 1408 1216 titulus

90 1261 244 1338 insculptus
266 1268 322 1332 est,
344 1259 476 1319 nondum
499 1257 618 1319 Cereris
640 1278 747 1320 nornen
769 1279 834 1319 eam
857 1259 1018 1336 accepisse.

162 1362 432 1442 Gymnasiarchiae
454 1381 563 1422 munus
584 1363 614 1421 in
630 1363 828 1441 Agrippinam
851 1381 911 1421 non
933 1363 1073 1421 collatum
1096 1371 1184 1436 esset,
1205 1363 1265 1421 nisi
1286 1363 1409 1438 liturgia

91 1467 176 1543 potius
196 1468 393 1544 magistratus
414 1465 530 1536 inisset,
552 1465 583 1523 id
605 1465 685 1541 quod
707 1465 786 1542 apud
801 1465 1001 1524 Athenienses
1023 1465 1066 1523 ita
1086 1464 1180 1524 fuisse
1198 1466 1297 1525 verius
1318 1483 1408 1541 quam

91 1569 243 1645 elegantius
271 1567 487 1627 demonstravit
514 1565 678 1626 Neubauer
707 1565 873 1626 Commeat
902 1568 995 1645 epigr.
1022 1586 1050 1643 p.
1068 1567 1174 1644 33sq.,
1201 1567 1237 1626 ci.
1266 1567 1344 1626 infra
1369 1567 1408 1625 ad

92 1671 195 1731 cxx.

92 1942 139 2002 Ill.
178 1942 213 2001 In
233 1943 300 2004 basi
323 1959 493 2004 marmorea
514 1941 585 2000 Pac.
624 1939 695 2002 Sine
717 1941 856 2001 lemmate
877 1941 954 2002 Van.
991 1941 1119 2018 Reliqua
1139 1961 1167 2002 v.
1188 1941 1268 2018 apud
1283 1941 1409 2002 Momm-

128 2064 231 2106 anum.

510 2146 600 2207 Cives
621 2147 750 2206 Romani
772 2150 824 2225 qui

508 2251 681 2328 Mytileneis
703 2251 921 2329 nego[t]iantur

509 2354 550 2412 M.
573 2352 681 2429 Tit[']o
705 2353 772 2429 [ll]
794 2353 814 2413 f.
837 2373 893 2431 pro
915 2371 977 2412 cos.
1005 2400 1009 2410 s

509 2455 602 2533 praef.
625 2456 733 2514 classis
755 2474 819 2515 cos.
1054 2475 1108 2516 cos.
1131 2475 1160 2515 a.
1177 2476 1200 2516 c.
1216 2457 1278 2517 723

509 2559 602 2634 desig.
624 2566 752 2635 patrono
884 2549 887 2572 ¹

551 2660 675 2720 honoris
697 2679 790 2720 causa

95 2852 142 2913 Ed.
163 2856 328 2916 Mommsen
352 2851 386 2914 O.
403 2854 428 2912 1.
441 2852 477 2922 L,
500 2853 645 2928 111,450.

94 3143 137 3204 lv.
176 3146 210 3205 ln
236 3147 378 3206 columna
403 3162 570 3204 marmorea
590 3143 721 3204 Neronis
747 3145 931 3222 epigramma
951 3145 1024 3206 Pac.
1067 3145 1116 3204 Ad
1139 3164 1336 3204 marmoream
1358 3165 1407 3205 co·

128 3247 253 3308 lumnam
283 3249 315 3306 in
343 3245 496 3306 Neronem
524 3245 685 3307 Gaesarem
714 3249 898 3326 epigramma
924 3247 1001 3308 Voll.
1055 3247 1201 3308 Boeokhii
1228 3248 1337 3307 lemma
1366 3243 1408 3306 ‘iu

127 3347 241 3410 Aeolia’
263 3350 421 3411 Muratorii
442 3350 632 3429 neglegentia
653 3360 759 3409 ortum.
1061 3343 1063 3348 ’

164 3540 211 3619 [Ὁ
239 3537 342 3620 δᾶμος]
372 3543 377 3620 Ι
399 3532 511 3625 Νέρωνα
529 3531 647 3599 Ἰούλιον
670 3541 674 3618 l
697 3533 832 3627 Kaio-spot
852 3536 944 3601 παῖδα
968 3538 973 3622 Ι
995 3533 1056 3600 &le
1080 3532 1128 3600 νὲω
1151 3533 1317 3626 ΓερμαΙνῖκω
1340 3533 1408 3600 Koi-

165 3667 249 3730 παρος
269 3647 275 3724 Ι
297 3635 347 3702 καὶ
371 3634 447 3705 Siras
468 3636 606 3720 ΑἷολιἸδος
627 3633 806 3728 καρποφέΙρω
827 3638 1024 3728 'Appenninum

97 3831 159 3894 Ol.
177 3836 267 3897 3528.
290 3871 328 3882 -
351 3837 423 3895 V.l
449 3833 462 3892 ὅ
491 3829 581 3904 δᾶμος
606 3835 672 3894 add.
702 3855 740 3895 ex
755 3835 864 3895 Vallis.
908 3835 1038 3896 Formae
1059 3831 1135 3894 θεοῦ
1157 3827 1216 3894 vicu
1238 3837 1411 3918 Γερμανικοῦ

96 3943 119 3992 et
135 3929 313 4023 acprcpc'pac
332 3930 535 4023 Ἀγριππεῖνας
556 3957 625 3997 vere
648 3939 868 3998 Muratorianae
890 3948 967 3998 sunt.

164 4039 285 4101 Potitus
308 4041 411 4100 titulus
433 4051 504 4118 post
525 4061 552 4100 a.
569 4039 618 4113 20,
641 4060 701 4118 quo
724 4051 824 4119 togam
840 4040 955 4100 virilem
975 4041 1102 4119 sumpsit
1117 4039 1199 4100 Nero
1213 4042 1318 4116 Iulius,
1341 4048 1409 4101 ante

96 4159 117 4198 a.
132 4141 175 4214 31,
195 4163 254 4220 quo
277 4151 413 4203 mortuus
435 4153 496 4216 est3
519 4145 556 4204 ci.
580 4143 652 4203 Tac.
676 4144 885 4204 Ann.11139.
908 4143 951 4202 lV
967 4145 995 4202 4.
1032 4143 1194 4203 Parentum
1217 4162 1303 4204 sacra
1325 4163 1351 4202 a
1372 4144 1407 4203 18

97 4245 163 4319 apud
177 4247 372 4324 Mytilenaeos
395 4255 502 4324 coepta
523 4263 589 4305 esse
610 4247 765 4324 probabile
788 4247 877 4318 duco;
900 4253 970 4304 tuno
990 4247 1068 4305 enim
1087 4244 1285 4306 Germanicus
1307 4247 1337 4305 iu
1355 4245 1410 4323 Sy·

97 4344 158 4405 num
180 4349 370 4426 profecturus
391 4349 429 4408 ab
450 4349 577 4408 Euboea
596 4349 697 4408 insula
716 4344 855 4407 ‘Lesbum
879 4349 1022 4422 tramisit,
1050 4350 1100 4408 ubi
1121 4350 1291 4427 Agrippina
1310 4350 1409 4408 novie-

98 4448 161 4506 simo
184 4457 271 4528 partu
297 4450 407 4510 Iuliam
433 4447 547 4511 edidit'.
569 4484 613 4500 -2
638 4451 810 4529 Agrippina
835 4451 865 4508 in
894 4469 1001 4510 nomen
1030 4452 1264 4528 religionemque
1291 4449 1410 4510 Cereris

97 4549 158 4607 deae
177 4554 289 4613 adscita
309 4547 372 4610 &ccl
394 4544 489 4614 Αἰολὶς
510 4542 690 4636 καρποφόρος
711 4554 882 4612 vocabatur.
919 4553 992 4612 Nou
1013 4554 1115 4631 exigui
1137 4553 1275 4613 videntur
1290 4551 1410 4613 Cereris
1509 4602 1513 4611 Α

97 4648 338 4732 Proserpinaeque
364 4657 443 4733 apud
465 4655 594 4714 Lesbios
621 4655 750 4714 honores
779 4656 888 4716 luisse:
917 4655 945 4713 ai
972 4647 1151 4740 καρποφόροι
1172 4646 1242 4712 θεαὶ
1264 4656 1359 4715 latent
1380 4657 1411 4714 in

98 4751 171 4830 frgm.
185 4755 219 4817 G.
234 4758 259 4817 I.
277 4756 370 4830 2175,
393 4759 572 4834 eaedemque
594 4757 667 4818 deae
683 4758 771 4816 etiam
787 4758 846 4817 alio
862 4759 998 4836 quamvis
1014 4757 1141 4817 obscuro
1156 4759 1274 4816 nomine
1290 4769 1412 4817 utuntur

99 4861 229 4932 cyrenis
251 4861 377 4920 sancito.
412 4859 492 4918 Nam
515 4879 570 4936 pro
593 4861 749 4935 explorato
769 4878 837 4919 esse
852 4869 962 4938 potest,
983 4860 1101 4919 illarum
1118 4859 1302 4920 sacerdotem
1317 4861 1411 4919 luisse

99 4958 234 5020 mulierem
255 4983 334 5040 quae
357 4964 387 5022 in
410 4963 498 5022 titulo
520 4963 548 5021 h.
569 4962 637 5037 syll.
650 4962 711 5020 Vll
734 4952 805 5045 ἱερέα
827 4964 880 5020 τᾶν
901 4958 979 5019 θεᾶν
998 4959 1156 5040 ’Emporia
1177 4971 1310 5021 vocatur.
1347 4961 1410 5021 Du-

98 5059 155 5134 plex
179 5075 331 5140 praeterea
357 5066 430 5124 deae
451 5057 607 5141 Ἔτηφῖλαο
628 5064 773 5124 memoria
795 5073 915 5122 servata
937 5064 1033 5124 estin
1054 5064 1141 5124 titulo
1164 5066 1244 5143 apud
1267 5063 1410 5124 Conzium

99 5157 198 5224 Iesum
225 5167 283 5226 tab.
299 5167 395 5226 XVII
402 5213 410 5240 ,
429 5171 461 5240 1,
481 5167 516 5225 12
539 5178 569 5227 et
590 5166 624 5226 C.
646 5167 671 5224 l.
694 5166 723 5225 11
746 5165 823 5225 Add.
842 5165 960 5240 alata,
987 5169 1095 5243 quibus
1117 5168 1191 5226 locis
1215 5164 1308 5226 Ceres
1329 5175 1410 5225 certo

101 5260 278 5346 intellegenda
305 5279 362 5330 est.
406 5270 543 5347 Denique
571 5269 660 5329 Eresi
688 5270 810 5328 invento
837 5269 1009 5347 anaglypho
1035 5270 1196 5348 inscriptus
1223 5275 1268 5329 est
1295 5267 1411 5328 dativus
