3530 5932
79 2217 641 2335 commanducans
705 2219 1166 2335 cruentantem
1229 2217 1400 2333 usus.
1484 2132 1488 2138 ⁸

723 2679 752 2754 l.

167 2914 234 2990 DE
270 2912 459 2990 TITVLO
491 2911 792 2988 SEPVLORALI
824 2911 950 2990 OSCO
982 2911 1298 2990 LVOANORVM.

78 3161 213 3328 Nuper
235 3249 299 3309 Tu.
324 3249 490 3309 Mommsen
516 3268 629 3308 mecum
652 3249 883 3309 communicavit
904 3249 963 3308 duo
984 3247 1187 3327 inscriptionis
1210 3248 1310 3309 Oscae
1331 3267 1403 3326 apo·

77 3351 309 3428 graphalitteris
326 3349 451 3410 Graecis
467 3361 638 3429 conceptae,
661 3369 738 3428 quae
752 3351 884 3429 repperit
904 3351 934 3408 in
953 3351 1098 3410 Mandelle'
1118 3350 1192 3408 libra
1212 3353 1247 3410 cle
1267 3350 1403 3410 [acacia

77 3471 150 3511 nonu
173 3459 289 3530 scripto
320 3454 502 3512 bibliothecae
527 3454 756 3530 Neapolitanae,
793 3473 812 3512 a
833 3454 951 3511 nemine
977 3471 1094 3526 eorum,
1122 3455 1173 3529 qui
1202 3454 1402 3530 monumentis

76 3551 184 3631 linguae
196 3555 305 3617 Oscae
325 3555 501 3632 colligendis
521 3566 611 3633 atque
628 3555 860 3633 interpretandis
875 3573 995 3633 operam
1007 3555 1160 3627 dederunt,
1176 3556 1328 3633 hucusque
1343 3575 1403 3614 me·

77 3668 180 3717 morata
194 3659 246 3718 vel
261 3660 294 3718 in
317 3657 414 3717 lucem
431 3667 594 3734 protracta.
637 3656 717 3716 Tum
738 3659 828 3716 etiam
850 3677 869 3715 a
891 3655 930 3716 G.
954 3657 990 3715 de
1011 3641 1103 3716 Petra
1117 3642 1319 3734 Neapolitano
1339 3658 1404 3718 viro

77 3757 244 3822 doctissimo
260 3760 366 3837 accepi
387 3760 533 3838 imagines
548 3758 691 3818 Mandelli
707 3760 947 3837 apographorum
968 3769 1052 3818 carta
1066 3759 1215 3837 pellucido
1228 3759 1403 3820 delineatae.

77 3859 210 3923 llandelli
240 3863 338 3942 igitur
364 3861 395 3920 iu
421 3855 494 3939 agro
520 3862 623 3940 oppidi
651 3862 750 3920 Diaac
771 3861 925 3920 Lucaniae
951 3861 1175 3938 propalantem
1204 3861 1236 3922 S.
1261 3862 1407 3922 Gaiana

77 3961 180 4024 inuenit
193 3965 342 4044 lapidem,
365 3982 454 4041 quem
474 3964 522 4023 his
544 3965 644 4023 verbis
660 3963 815 4036 describit,
842 3965 903 4024 Vol.
918 3964 946 4036 Ι,
963 3983 996 4041 p.
1014 3965 1065 4024 94.
1089 3958 1180 4038 „Non
1201 3965 1277 4024 devo
1297 3965 1405 4024 tralas·

78 4065 148 4126 cine
169 4067 200 4125 di
223 4067 280 4144 qni
303 4065 482 4126 trascrivere
503 4065 522 4123 l’
537 4067 702 4125 iscrittione
723 4065 751 4125 d’
767 4087 807 4126 un
830 4085 953 4137 marma,
976 4066 1030 4124 che
1051 4067 1100 4125 nel
1120 4067 1211 4144 piano
1233 4066 1313 4125 della
1333 4067 1405 4125 cittis

76 4165 102 4224 di
114 4166 214 4229 Diana
228 4169 295 4227 mia
315 4170 414 4244 patria
428 4168 455 4227 si
474 4168 595 4228 ritrova.
640 4167 756 4243 Questo
772 4187 884 4227 mermo
900 4176 1013 4226 mostra
1026 4186 1086 4228 non
1100 4187 1201 4227 essere
1216 4169 1340 4258 entiero,
1355 4187 1405 4227 ma

77 4287 110 4326 uu
123 4289 215 4346 pezza
230 4272 264 4330 di
281 4290 396 4330 marma
412 4272 573 4348 maggiore.
596 4271 664 4347 Egli
679 4271 695 4329 ὲ
710 4271 740 4330 di
755 4270 920 4349 lunghezza
934 4270 1013 4328 eirca
1027 4278 1071 4330 tre
1085 4270 1186 4348 palmi,
1201 4271 1231 4330 di
1245 4271 1405 4349 larghezaa

79 4371 188 4432 intorno
211 4373 240 4431 a’
259 4374 329 4444 due,
352 4371 495 4448 semplice
516 4391 533 4430 e
553 4391 653 4444 ranzo,
682 4373 763 4431 nella
785 4373 815 4431 di
836 4372 885 4431 eni
906 4379 990 4448 parte
1011 4373 1103 4450 piano
1123 4373 1151 4432 si
1172 4372 1286 4432 ritrom
1305 4373 1406 4452 quella

77 4472 235 4535 iacrittione
264 4476 306 4534 da
329 4493 377 4534 me
403 4493 460 4534 eon
488 4474 637 4552 diligeuaa
662 4475 775 4552 grande
800 4475 947 4551 ricopiata
973 4475 1149 4550 conquesti
1176 4475 1315 4534 amatteri
1341 4475 1406 4534 cosi

78 4575 218 4637 differenti
247 4577 299 4636 ira
325 4576 356 4635 di
384 4575 452 4635 loro
481 4577 512 4635 in
538 4575 706 4654 grandezza
727 4577 803 4636 ete.“
846 4575 1008 4636 Praeterea
1030 4576 1172 4635 Mandelli
1197 4587 1313 4649 narrat,
1338 4595 1406 4636 cum

78 4679 126 4738 riri
147 4680 277 4757 qnidam
300 4676 418 4738 Graece
446 4679 526 4737 docti
547 4679 613 4738 viso
635 4679 809 4757 apographo
833 4679 1022 4738 dubitassent
1047 4679 1084 4738 de
1104 4679 1206 4738 littera
1227 4695 1241 4738 t
1261 4699 1280 4738 a
1301 4696 1334 4738 se
1356 4680 1405 4737 de-

78 4777 192 4855 lineata,
215 4783 343 4858 eiusque
365 4781 433 4840 loco
455 4781 652 4841 coniecissent
672 4797 688 4838 r
710 4783 741 4840 in
762 4781 862 4857 lapide
885 4781 1027 4857 seriptum
1050 4799 1126 4854 esse,
1155 4799 1188 4840 se
1209 4781 1287 4839 hane
1308 4781 1405 4839 denno

79 4885 268 4944 examinasse
292 4891 382 4959 atque
403 4884 553 4942 invenisse
574 4903 680 4942 revera
701 4884 743 4943 ibi
763 4900 777 4955 t
798 4891 953 4941 exaratum
975 4901 1044 4942 esse
1065 4882 1099 4957 (l.
1115 4883 1164 4959 a).

152 4985 304 5046 Mandelli
326 5004 397 5044 vero
419 4985 451 5043 in
472 4985 548 5043 libro
571 5003 627 5045 suo
648 4987 695 5044 bis
718 4985 819 5063 posuit
840 4984 959 5044 titulum
980 4983 1087 5043 litteris
1110 4985 1150 5042 ad
1170 4985 1279 5063 lapidis
1303 4985 1408 5045 simili·

79 5087 207 5148 tudinem
231 5087 404 5162 delineatio,
431 5088 559 5165 primum
580 5087 649 5146 loco
670 5095 774 5147 notato
796 5087 885 5163 primi
906 5086 1078 5159 voluminis,
1101 5087 1207 5146 iterum
1228 5087 1340 5147 influe
1362 5105 1407 5146 se·

80 5189 163 5247 eundi
177 5189 355 5263 voluminis,
377 5199 538 5267 postquam
560 5190 632 5248 data
651 5209 745 5269 opera
764 5190 971 5267 apographum
994 5207 1080 5249 sunm
1103 5209 1169 5250 cum
1191 5208 1340 5250 marmore
1357 5189 1409 5248 de·

79 5307 133 5349 nno
152 5291 297 5352 contulit.

1166 5397 1201 5456 11
