3580 5938
389 499 436 568 88
492 537 529 566 ..0
981 508 1130 568 abanan

387 689 577 750 Sabellarum
594 689 771 750 Sabinorum
787 689 969 751 Umbrorum
984 690 1099 762 Piceni,
1121 692 1172 768 qui
1191 699 1240 750 est
1261 700 1367 750 tractus
1390 691 1440 749 ille
1462 691 1653 761 celeberrimus,
1671 699 1697 750 ut
1765 697 1766 744 ξ

386 813 454 852 cum
470 791 614 853 Cicerone
636 794 796 870 loquamur
817 793 886 872 (pro
902 793 1028 852 Plancio
1044 793 1073 866 9,
1090 792 1154 869 22),
1175 795 1365 868 lsenasranua
1386 793 1546 868 Allifanus,
1568 803 1621 852 tota
1635 796 1698 852 deni-

387 917 441 973 que
462 905 559 954 nostra
581 896 635 952 illa
657 913 761 972 aspera
784 905 811 954 et
830 907 977 954 montuoso
999 905 1025 954 st
1045 896 1164 972 simplex
1186 906 1212 954 et
1225 899 1344 973 scutris
1364 914 1479 954 suorum
1494 900 1578 972 rapio.
1613 897 1644 954 Iu
1658 898 1698 955 iis·

387 998 454 1056 dem
478 999 568 1074 igitur
590 999 652 1056 Iere
666 999 837 1075 regionibus
853 999 942 1056 etiam
957 999 1060 1077 ignota
1074 999 1129 1057 illa
1143 999 1254 1075 oppida
1268 997 1327 1058 sita
1341 999 1436 1056 fuisse
1451 998 1640 1076 probabiliter
1651 1009 1699 1056 sta-

388 1109 496 1160 tuetur.
537 1100 588 1158 En
609 1105 724 1177 antiqua
746 1101 833 1159 Latio
855 1101 940 1158 LIII
955 1101 1058 1176 populi
1078 1105 1207 1161 interiere
1228 1105 1288 1160 sins
1308 1104 1433 1177 uestigiis
1454 1099 1556 1158 Plinio
1577 1100 1608 1177 (3
1629 1099 1700 1176 gib)
1766 1095 1767 1150 l

388 1210 478 1274 teste3
507 1201 594 1261 facile
625 1203 801 1262 crediderim
829 1204 906 1261 inter
932 1202 984 1262 illa
1012 1203 1127 1280 aliquot
1153 1221 1256 1262 eorum
1283 1202 1391 1274 fuisse,
1420 1221 1436 1259 e
1464 1202 1571 1279 quibus
1599 1205 1702 1261 nomina

387 1306 461 1363 haec
483 1304 513 1362 in
535 1323 608 1364 anus
630 1305 765 1364 derivata
785 1317 862 1364 sunt.
906 1305 1023 1365 Tamen
1044 1306 1173 1365 fortasse
1196 1307 1226 1364 in
1247 1304 1502 1383 inscriptionibus,
1525 1306 1556 1364 in
1578 1305 1702 1363 historiae

388 1408 532 1484 profanae
559 1415 589 1465 et
615 1425 718 1466 sacrae
743 1407 964 1480 instrumentis,
991 1410 1021 1466 in
1043 1408 1119 1486 ipsis
1142 1408 1274 1466 locurum
1296 1425 1441 1486 pagorum
1464 1426 1604 1485 agrorum
1623 1409 1703 1486 paris

388 1510 516 1568 tinorum
543 1510 728 1569 desertarum
756 1510 925 1568 nominibus
945 1510 1097 1570 hodiernis
1125 1511 1273 1587 quaedam
1300 1529 1402 1569 eorum
1430 1521 1549 1569 servata
1574 1521 1649 1580 sunt;
1673 1511 1703 1567 ad
1767 1551 1768 1572 t

389 1631 424 1671 ea
446 1613 544 1670 denuo
566 1613 775 1689 investiganda
795 1612 924 1684 indices,
947 1630 1023 1688 quos
1045 1630 1138 1689 supra
1159 1612 1243 1684 dedi,
1265 1613 1394 1672 tortasse
1420 1612 1611 1672 adiuvabant.

472 1716 755 1775 Demonstravimus
781 1717 1004 1792 grammaticam
1027 1716 1183 1787 rationem,
1207 1735 1267 1792 qua
1288 1717 1410 1774 nomina
1431 1715 1484 1774 illa
1504 1715 1630 1774 formata
1649 1733 1704 1772 esse

389 1818 545 1895 probabile
568 1829 623 1876 est.
659 1818 767 1876 Restat
789 1817 884 1876 altera
906 1818 1043 1895 quaestio
1065 1837 1159 1894 eaque
1182 1817 1301 1894 gravior
1322 1827 1351 1876 et
1372 1817 1532 1890 difficilior,
1554 1818 1662 1877 scilicet
1679 1825 1705 1874 nt

390 1921 557 1998 explicetur
584 1921 634 1996 qui
661 1921 772 1978 Iactum
800 1921 839 1979 sit
860 1929 893 1978 ut
915 1920 1040 1997 originis
1062 1921 1219 1991 indicatio,
1247 1939 1325 1996 quae
1347 1921 1506 1979 multorum
1528 1930 1575 1979 est
1596 1937 1646 1978 sua
1665 1939 1705 1977 na·

390 2033 472 2096 tura,
495 2026 534 2083 ad
556 2025 644 2082 unius
666 2023 796 2081 hominis
820 2023 942 2100 eiusque
963 2006 1061 2100 gentis
1086 2023 1322 2099 designationem
1346 2024 1449 2100 aliqua
1470 2042 1536 2082 cum
1558 2023 1707 2082 constantia
1768 2047 1769 2096 i

391 2127 508 2186 deflexa
530 2126 704 2202 reperiatur.

475 2228 682 2303 Incipiendum
702 2227 820 2286 videtur
841 2227 871 2284 iu
893 2227 949 2285 hac
971 2227 1148 2302 quaestione
1163 2249 1181 2285 a
1196 2228 1432 2303 cognominibus.
1469 2227 1516 2286 Ea
1531 2229 1607 2286 enim
1620 2235 1706 2284 notum

392 2339 438 2390 est
465 2351 483 2388 a
509 2331 584 2388 locis
612 2330 745 2388 derivata
773 2347 923 2388 essenon
945 2338 978 2386 ut
999 2330 1082 2406 origo
1106 2330 1322 2406 designaretur,
1350 2331 1403 2390 sed
1424 2341 1458 2390 ut
1478 2331 1589 2390 factum
1612 2328 1707 2404 aliquid

392 2433 491 2493 nobile
518 2432 599 2491 uelut
620 2433 746 2490 victoria
774 2451 789 2489 e
818 2433 940 2509 regione
962 2431 1016 2490 illa
1038 2441 1189 2508 reportata
1211 2440 1240 2490 et
1262 2433 1373 2492 similia
1395 2453 1461 2491 cum
1486 2433 1573 2491 unius
1596 2432 1708 2490 bominis
1769 2461 1770 2520 ξ

393 2535 538 2595 memoria
560 2535 718 2592 coniuncta
740 2543 931 2611 pergentem
955 2536 1020 2593 eius
1043 2543 1239 2593 servarentur.
1279 2535 1354 2593 Eius
1376 2535 1495 2611 generis
1519 2536 1549 2592 in
1571 2553 1641 2592 anus
1661 2534 1708 2589 ior·
1769 2527 1770 2548 ’

393 2649 475 2698 mata
497 2646 568 2696 sunt
589 2637 748 2712 Africanus
764 2636 934 2697 Coriolanus
957 2636 1118 2713 (siquidem
1142 2638 1217 2695 illud
1241 2657 1308 2694 uere
1329 2638 1388 2694 huc
1409 2637 1552 2715 pertinet)
1574 2638 1709 2712 Hispanus
1769 2651 1770 2656 ’

393 2743 437 2819 (et
463 2739 635 2816 Hispallus)
663 2739 819 2798 Montanus
847 2737 1079 2816 (Tarpeiorum)
1103 2739 1248 2798 Serranus
1277 2739 1362 2816 (olim
1386 2740 1518 2800 Soranus
1539 2739 1709 2810 Atiliorum).

393 2845 526 2903 Possunt
547 2841 680 2900 eiusdem
703 2841 821 2919 generis
838 2859 903 2900 esse
919 2860 996 2918 quae
1011 2844 1041 2900 in
1056 2842 1144 2902 fastis
1159 2853 1227 2900 ante
1242 2843 1410 2919 Augustum
1427 2850 1457 2901 et
1471 2843 1550 2918 apud
1567 2842 1710 2919 scriptores

393 2956 548 3024 praeterea
568 2943 757 3021 reperiuntur
778 2963 873 3020 pauca
890 2944 999 3002 similia
1018 2943 1266 3003 Caeliomontanus
1286 2943 1481 3004 Caruentanus
1496 2941 1711 3004 *Coritiuesunus

394 3047 583 3124 Iiepcllanus
605 3046 785 3122 Mugillanus
809 3045 969 3105 Tuditanus
988 3047 1190 3106 Tusciuicanus
1208 3047 1362 3106 Vaticanus
1383 3047 1549 3107 Vibulanus.
1587 3045 1643 3107 Sed
1663 3047 1711 3102 for·
1770 3037 1771 3076 ³

394 3161 476 3211 tasse
498 3171 536 3209 cx
551 3156 636 3225 parte
650 3148 745 3207 indita
759 3157 830 3207 sunt
844 3150 881 3207 ab
897 3148 945 3220 iis,
967 3149 1017 3226 qui
1033 3149 1128 3209 fastos
1144 3159 1388 3226 composuerunt,
1411 3157 1444 3206 ut
1459 3169 1560 3208 veram
1575 3149 1712 3211 hominum

395 3255 539 3330 originem
555 3251 733 3322 indicarent;
757 3261 790 3309 ut
804 3250 936 3308 indicata
950 3259 995 3311 est
1010 3252 1114 3330 procul
1129 3251 1218 3310 dubio
1233 3253 1264 3310 in
1280 3251 1317 3310 L.
1334 3251 1458 3328 Papirio
1476 3253 1651 3328 Fieqcllana,
1672 3250 1713 3326 qai

397 3355 602 3417 Gracchorum
620 3363 754 3431 tempore
769 3356 972 3412 disertissimus
987 3353 1098 3412 babitus
1114 3365 1156 3413 cst
1169 3373 1202 3412 ec
1217 3353 1317 3426 Latio,
1340 3363 1373 3412 ut
1388 3352 1494 3414 Cicero
1510 3355 1552 3412 ait
1573 3354 1616 3431 (in
1631 3354 1713 3412 Bruto

395 3458 523 3535 §170),
552 3467 582 3514 et
607 3457 637 3514 in
665 3456 698 3514 Τ.
720 3456 834 3514 Betutio
858 3457 956 3513 Barro
978 3455 1124 3514 Asculano
1148 3454 1272 3532 (Cicero
1294 3456 1404 3514 ibidem
1427 3456 1444 3533 ξ
1467 3455 1556 3533 169).
1599 3456 1715 3530 Reliqua

396 3561 461 3618 eius
488 3559 607 3636 generis
635 3559 812 3637 cognomina
839 3558 1008 3616 tenuiorum
1034 3559 1187 3618 hominum
1211 3569 1281 3617 sunt
1302 3559 1418 3631 omnia3
1447 3560 1582 3634 plebeiae
1603 3557 1714 3636 originis

397 3663 487 3722 etiam
515 3671 670 3719 senatores
699 3661 786 3736 pauci
815 3660 864 3737 qui
892 3660 964 3718 dicti
988 3669 1058 3719 sunt
1086 3661 1227 3720 Cumanus
1254 3660 1428 3720 Hadrianus
1455 3662 1608 3739 Mefitanus
1630 3661 1715 3734 Temp-

396 3785 494 3825 sanus.
536 3762 579 3822 Ut
607 3782 626 3821 a
654 3763 788 3820 locorum
815 3763 1068 3838 appellationibus
1095 3762 1198 3833 ducta,
1227 3782 1303 3840 quae
1330 3773 1360 3822 et
1387 3766 1454 3842 ipsa
1480 3783 1540 3824 non
1562 3763 1715 3841 frequentia

397 3877 476 3939 sant,
499 3866 592 3924 veluti
615 3866 762 3923 Fontanus
784 3865 941 3924 Montanus
962 3865 1100 3940 Pogonus
1115 3865 1249 3941 Ripanus
1271 3866 1395 3925 Vicanus
1415 3867 1559 3948 Urbanus,
1580 3869 1623 3926 ita
1637 3867 1715 3923 Bene

396 3979 532 4029 ventanae
548 3967 721 4040 Beneventi,
747 3967 899 4026 Caletranus
913 3963 1054 4042 Neapoli,
1079 3967 1241 4042 Campanus
1258 3965 1391 4043 Capuae,
1411 3969 1600 4045 Ilepellanus
1616 3967 1715 4044 Aquini

397 4082 426 4131 et
441 4072 522 4144 alibi,
538 4069 731 4128 IIerculunius
746 4067 854 4141 Nolae,
869 4068 1080 4146 Neapolitanus
1093 4068 1233 4146 Neapoli,
1248 4069 1424 4130 Puteolanus
1436 4071 1582 4142 Puteolis,
1598 4071 1716 4131 Soranus

397 4175 505 4234 Atinae
526 4174 557 4231 in
573 4171 749 4248 Campania,
769 4172 951 4245 Venafranae
965 4171 1126 4243 Murrani,
1148 4172 1218 4229 item
1236 4172 1399 4232 Caesitanus
1414 4171 1540 4250 Sagunti
1564 4192 1649 4231 verse
1666 4172 1717 4228 ori·

397 4278 476 4356 ginis
499 4275 671 4333 memoriam
695 4273 796 4350 aliqua
817 4274 933 4333 ratione
955 4284 1084 4350 possunt
1105 4292 1252 4333 servasse.
1294 4275 1379 4334 Idem
1401 4277 1481 4334 vaiet
1502 4275 1539 4334 de
1560 4274 1716 4334 nominibus

397 4382 428 4437 in
450 4377 614 4454 provinciis
635 4376 709 4434 satis
723 4376 941 4452 frequentibus,
963 4376 1053 4434 veluti
1076 4377 1106 4435 in
1121 4376 1280 4453 Hispania,
1300 4375 1465 4454 Campanus
1481 4378 1635 4436 Firntanus
1651 4379 1717 4434 Fun·

398 4485 491 4540 danus
507 4480 644 4538 Lucanus
663 4479 849 4537 Tusculanus.
887 4476 1032 4538 Similiter
1053 4479 1244 4538 indicandum
1267 4479 1331 4538 sine
1354 4480 1445 4538 dubio
1466 4481 1504 4539 de
1518 4481 1641 4540 Romal
1658 4497 1717 4556 cog·

397 4583 517 4642 nomine
538 4581 568 4640 in
590 4581 680 4639 Italia
702 4591 731 4639 et
755 4581 785 4638 in
807 4581 984 4658 provinciis,
1007 4588 1040 4638 ut
1061 4580 1204 4653 vidimus,
1228 4599 1286 4640 non
1308 4583 1468 4640 admodum
1490 4602 1574 4652 raro;
1600 4583 1718 4656 itemque

398 4687 436 4744 de
457 4684 638 4762 populorum
660 4683 846 4756 nominibus,
876 4683 967 4741 veluti
989 4683 1150 4758 Africanus
1173 4683 1337 4760 catapanus
1360 4685 1456 4760 (quod
1477 4705 1536 4742 non
1560 4682 1717 4744 necessario

399 4789 438 4846 od
465 4787 561 4846 solam
583 4783 717 4863 Capuam
745 4783 930 4843 referendum
954 4785 1019 4862 est)
1046 4785 1211 4844 Cassitanus
1235 4787 1413 4846 Ilmtranus
1439 4787 1597 4846 Germanus
1619 4787 1718 4860 IIispa-

398 4910 452 4949 nus
474 4888 612 4948 Lucanus
635 4887 850 4946 Praetutti'anus
869 4887 1029 4962 Sequanos,
1054 4906 1179 4964 quorum
1199 4887 1358 4947 Germanus
1379 4889 1441 4948 fere
1464 4890 1591 4949 militum
1614 4897 1717 4948 tantum

399 4999 455 5064 est,
478 4991 630 5067 Hispanus
652 5000 737 5048 extra
753 4989 931 5065 Hispaniam
953 5009 1048 5066 paene
1069 4990 1245 5068 inauditum.
1280 4990 1340 5051 Sed
1362 5010 1532 5068 quanquam
1554 4992 1640 5048 etiam
1659 5006 1717 5062 cog·

400 5094 522 5153 nomina
542 5093 596 5152 illa
617 5091 775 5151 coniuncta
795 5091 889 5150 fuisse
911 5091 1012 5168 aliqua
1031 5093 1146 5151 ratione
1168 5112 1234 5151 cum
1250 5093 1365 5171 origine
1380 5093 1481 5171 negari
1497 5094 1608 5170 nequit,
1629 5103 1716 5151 tamen

400 5203 512 5256 certum
534 5195 598 5256 elus
620 5194 761 5254 indicium
784 5212 972 5270 nequaquam
994 5193 1158 5270 proferunt.
