3532 5938
362 552 667 605 OBSERVA'IIONES
694 552 970 605 EPIGRAPHICAE
998 551 1090 604 XVII.
1314 532 1386 604 259

828 655 980 664 -ι--ι-

77 727 132 802 Quo
151 735 266 787 mortuo
290 727 424 786 Thraces
446 727 476 784 in
498 726 673 804 provinciae
693 727 821 786 formam
845 727 960 786 redacti
982 727 1092 804 sunt¹)
1120 735 1149 785 et
1177 747 1242 786 eum
1264 727 1388 786 rebella·

75 839 144 902 rent,
169 830 258 889 armis
279 831 487 890 Romanorum
509 828 665 906 devictil).
709 828 823 888 Eodem
846 839 979 908 tempore
1001 830 1101 907 Apros
1123 830 1241 888 colonie
1263 830 1390 888 deducta

75 943 112 994 est
130 931 304 1008 claudia2).

149 1244 206 1315 10.
245 1238 399 1314 Polemo
421 1257 529 1336 Cotyis
550 1267 581 1318 et
595 1259 746 1318 Antoniae
761 1259 962 1336 Tryphaenae
982 1256 1063 1317 filius
1085 1258 1161 1317 alter
1182 1259 1253 1335 quin
1275 1267 1304 1318 et
1325 1260 1390 1337 ipso

74 1363 173 1424 aGaio
194 1365 376 1442 imperatore
396 1381 519 1440 regnum
542 1363 654 1438 pariter
675 1370 764 1438 atque
785 1362 878 1420 frater
900 1361 1047 1438 acceperit
1069 1380 1088 1418 a
1109 1361 1271 1420 maioribus
1293 1362 1397 1439 ipsius¹

73 1467 207 1542 quondam
231 1466 401 1536 obtentum,
427 1465 555 1523 dubitari
582 1484 641 1524 non
669 1473 768 1542 potest
795 1475 864 1540 post
889 1475 1038 1538 repertum
1066 1464 1183 1523 titulum
1206 1462 1388 1540 Cyzicenum

73 1569 96 1626 id
117 1570 209 1645 ipsum
233 1569 356 1627 disertis
379 1568 477 1627 verbis
500 1566 751 1642 enuntiantem4).
790 1566 855 1625 Nee
876 1567 912 1623 de
935 1585 971 1624 ea
991 1587 1024 1625 re
1047 1559 1184 1624 auctores
1205 1574 1311 1638 tacent,
1336 1567 1389 1625 sed

73 1689 122 1728 non
142 1681 218 1730 recte
241 1690 308 1729 eam
332 1670 531 1740 tradiderunt;
560 1670 674 1728 seilicet
696 1669 756 1726 Dio
779 1687 844 1726 eum
867 1676 970 1727 narrat
992 1667 1034 1744 (p.
1052 1667 1109 1728 257
1134 1668 1203 1728 adu.
1220 1669 1252 1742 4)
1276 1667 1387 1728 Gaium

75 1773 151 1832 slmul
178 1773 340 1832 Thraciam
378 1772 586 1850 adsignavisse
612 1771 841 1829 Rhoemetaleae
873 1769 1086 1829 et'Polemoui
1124 1771 1296 1829 Polemonis
1327 1771 1391 1830 filio

73 1895 181 1951 regnum
203 1885 362 1951 paternum
385 1875 517 1934 Pontum
540 1873 797 1945 Polemoniacum,
819 1874 861 1932 ibi
883 1874 942 1931 iam
965 1882 1089 1950 apparet
1111 1893 1179 1931 vere
1201 1875 1251 1950 agi
1273 1875 1309 1932 de
1332 1875 1391 1933 Po-

73 1979 176 2036 lemone
197 1977 376 2036 Polemonis
403 1977 483 2054 regis
509 1975 600 2034 Ponti
625 1996 685 2035 nou
711 1975 787 2046 filio,
816 1975 869 2034 sed
896 1994 934 2034 ex
960 1975 1024 2032 filia
1050 1985 1172 2052 nepote,
1201 1977 1264 2034 filio
1292 1987 1391 2034 autem

74 2079 167 2157 Cotyis
193 2079 276 2155 regis
304 2078 466 2150 Thraciae,
499 2077 715 2154 solvunturque
741 2076 784 2135 ita
811 2077 889 2135 felici
917 2077 1027 2135 decreti
1054 2075 1195 2155 Cyziceni
1221 2078 1392 2137 inventione

73 2201 137 2259 quae
164 2183 201 2242 de
222 2182 317 2241 Ponti
344 2181 464 2258 regibus
490 2181 582 2238 dubia
608 2180 704 2238 adhue
729 2187 909 2239 manserunt.
953 2178 1033 2239 Nam
1055 2189 1174 2238 constat
1195 2180 1282 2240 hodie
1305 2179 1392 2239 Pole-

73 2303 176 2344 monem
198 2301 302 2361 regem
317 2283 408 2342 Ponti
423 2282 641 2359 Pythodoridis
662 2282 799 2341 maritum
823 2282 900 2340 diem
924 2283 1035 2341 obiisse
1057 2301 1081 2341 c.
1098 2301 1125 2340 a.
1143 2281 1213 2356 746,
1237 2301 1271 2340 eo
1293 2291 1392 2341 autem

73 2388 200 2446 defuncto
222 2405 349 2445 uxorem
371 2403 495 2463 regnum
517 2385 652 2444 tenuisse
667 2394 746 2443 certe
763 2403 829 2443 oum
845 2387 1002 2462 Augustus
1018 2383 1189 2461 exossaret)
1213 2385 1393 2461 scripsitque

75 2487 228 2566 Sorbet),
257 2488 290 2547 id
316 2495 363 2546 est
390 2489 428 2546 ad
456 2507 482 2546 a.
505 2506 534 2563 p.
557 2485 628 2546 Chr.
647 2487 694 2545 19.
736 2485 855 2546 Deinde
882 2487 919 2546 de
946 2487 1035 2546 Ponti
1066 2506 1159 2566 regno
1186 2487 1257 2562 quid
1282 2487 1394 2545 factum

74 2592 106 2650 sit
124 2591 158 2649 ad
180 2611 207 2650 a.
231 2610 261 2668 p.
284 2588 356 2649 Chr.
375 2589 428 2661 37,
451 2608 511 2648 non
533 2590 677 2660 traditur;
704 2608 741 2648 eo
767 2598 866 2648 autem
896 2608 974 2648 anno
1001 2607 1127 2667 regnare
1149 2590 1283 2667 coepIsse
1305 2588 1394 2647 Pole-

74 2713 178 2752 monem
201 2703 233 2752 et
248 2693 381 2752 Dionem
404 2692 520 2751 tradere
542 2693 671 2751 vidimus
694 2699 724 2751 et
744 2693 857 2750 nummi
878 2691 1052 2751 Polemonis
1074 2692 1195 2750 alterius
1218 2693 1396 2750 confirmant

72 2814 155 2855 anuos
176 2795 263 2873 regni
284 2793 427 2853 habentes
450 2795 501 2870 qui
524 2803 646 2853 currant
667 2794 705 2853 ab
728 2813 805 2853 anno
828 2802 879 2851 aut
901 2794 940 2852 37
962 2815 992 2872 p.
1009 2791 1079 2852 Chr.
1102 2802 1155 2852 aut
1177 2793 1265 2869 38⁷).
1302 2793 1394 2851 Prae·

73 2913 143 2956 terea
163 2901 193 2957 in
207 2897 390 2975 quibusdam
414 2915 519 2954 eorum
541 2915 728 2956 nummorum
750 2898 787 2956 ab
808 2897 905 2955 altera.
925 2905 1008 2972 parte
1030 2903 1119 2972 eaput
1140 2895 1271 2956 cernitur
1292 2895 1394 2953 mulie-

73 3001 116 3060 bre
135 3019 201 3060 eum
223 2998 429 3076 adscriptione
449 2990 629 3070 βασιλίσσης
642 2991 856 3083 Τρυφαῖνηςῦ).
894 2999 973 3056 Eum
993 2998 1186 3058 Polemonem
1210 2999 1303 3056 filium
1326 3014 1394 3056 esse

76 3185 270 3196 ———

142 3313 164 3376 ¹)
190 3315 216 3364 A
229 3313 394 3376 Vespasiano
414 3310 517 3360 demum
537 3312 580 3375 qui
599 3311 758 3374 prorInriam
772 3304 912 3361 Thraciam
926 3313 1091 3363 constitutam
1105 3325 1160 3361 esse
1175 3311 1271 3372 dieunt,
1292 3309 1393 3375 decepti

74 3415 123 3455 sunt
141 3405 206 3456 falsa
224 3406 339 3455 lectione
352 3403 420 3468 upud
434 3403 587 3456 Suetonium
599 3405 706 3468 Vesp.8
725 3401 748 3452 Τ
746 3401 860 3453 trecium
876 3400 991 3454 Cilicium
1009 3421 1056 3469 pro
1072 3419 1104 3454 eo
1123 3403 1192 3470 quod
1212 3409 1250 3453 est
1269 3398 1392 3452 bachium

77 3495 188 3548 Cilicium.
242 3498 325 3548 Recte
364 3496 396 3546 de
431 3510 462 3544 ea
497 3510 525 3545 re
561 3501 620 3560 post
654 3496 720 3546 alios
750 3511 832 3561 nuper
870 3497 922 3562 egit
965 3497 1119 3562 Marquardt
1149 3493 1393 3560 seaarsaereattrny

79 3593 98 3649 1,
119 3591 175 3640 15⁷.
996 3647 997 3651 Ἰ

137 3679 161 3743 ²)
185 3682 278 3732 Armis
299 3679 444 3730 libertatem
468 3679 615 3730 defendisse
639 3680 754 3730 Thraces
779 3679 914 3744 Syneellus
940 3682 977 3730 ait
1003 3681 1029 3742 (l.
1050 3681 1096 3744 e),
1126 3687 1153 3730 ut
1177 3687 1253 3730 antea
1276 3680 1391 3729 fecerant

76 3789 95 3822 a.
107 3775 138 3824 ts
157 3775 277 3834 (Tacitus
296 3788 356 3822 ann.
370 3773 396 3834 4,
411 3771 465 3833 46).
505 3772 611 3822 Tactus
629 3771 673 3822 ubi
693 3774 726 3824 ad
747 3789 769 3824 a.
786 3773 819 3824 53
840 3773 910 3835 (uun.
927 3775 969 3836 12,
985 3774 1030 3836 63)
1050 3775 1086 3823 ait
1104 3773 1244 3837 Byzantios
1269 3770 1392 3822 Thraecio

76 3863 263 3933 Bosporanoque
278 3862 342 3914 bello
360 3864 550 3929 assuesceres,
572 3865 696 3930 intellegit
709 3865 865 3916 ThraecIum
885 3881 908 3916 a.
923 3867 958 3916 46
979 3865 1059 3926 (cuius
1077 3867 1139 3915 anni
1158 3881 1198 3915 res
1216 3872 1302 3930 gestae
1324 3864 1393 3929 apud

75 3959 180 4009 'facttum
200 3958 392 4019 desiderantur)
410 3957 641 4022 Bosporanumque
660 3973 683 4007 a.
698 3958 741 4008 49.
774 3959 840 4008 Eam
857 3958 940 4024 ipsam
954 3959 1144 4022 expeditionem
1158 3959 1285 4023 siguificat
1304 3958 1397 4022 opinor

75 4051 150 4100 titulus
169 4051 367 4102 Castulonensis
385 4050 414 4100 II
433 4065 458 4099 u.
480 4049 551 4100 3272
571 4047 615 4112 (ef.
635 4067 661 4099 n.
682 4049 764 4110 2079)
787 4050 913 4116 praefecti
934 4049 1124 4100 vexillariorum
1147 4051 1174 4099 in
1197 4047 1309 4100 Trachia
1328 4045 1394 4108 XV3

74 4157 123 4192 num
143 4143 257 4208 legiones
283 4142 355 4203 duas,
380 4157 487 4208 quarum
511 4143 720 4192 vexillationibus
740 4143 834 4193 bellum
857 4143 884 4192 id
902 4145 1002 4207 gestum
1022 4157 1076 4192 esse
1097 4143 1214 4204 traditur,
1239 4138 1275 4202 [V
1294 4139 1393 4203 Mace]

76 4235 182 4285 tonicam
202 4243 228 4284 et
249 4235 317 4284 VIII
335 4235 489 4300 Augustam,
516 4235 618 4286 Claudii
637 4235 800 4300 Neronisque
825 4241 940 4299 tempore
969 4235 1068 4285 vicinae
1087 4235 1203 4284 Moesiae
1222 4232 1395 4299 praetendisse

75 4337 111 4376 aut
131 4337 225 4378 eertum
252 4335 292 4377 est
317 4336 361 4377 aut
384 4327 525 4392 probabile.
564 4352 599 4360 -
637 4330 721 4378 'Anno
748 4325 782 4376 66
808 4344 833 4392 p.
853 4327 914 4376 Chr.
942 4327 1054 4377 Thracia
1076 4326 1239 4377 obtinebatur
1267 4325 1396 4390 praesidio

77 4417 181 4470 Romano
200 4421 315 4470 militum
335 4427 456 4484 quattuor
474 4421 577 4471 milium
595 4420 707 4487 (Ioseph.
728 4420 786 4470 bell.
806 4419 864 4470 Iud.
885 4421 910 4481 2,
927 4420 969 4482 16,
984 4419 1019 4481 4).

144 4511 168 4576 ³)
192 4513 294 4563 v01.v
314 4529 340 4563 n.
355 4513 407 4564 386
429 4533 461 4554 =
482 4512 562 4563 Orell.
583 4513 645 4563 512.

143 4605 168 4670 ι)
188 4601 266 4654 Ἐπιὶ
352 4603 428 4662 Γάιος
446 4605 547 4672 Καῖσαρ
563 4595 696 4670 treanta
714 4593 865 4673 Γερμανικδς
886 4636 1025 4656 ........
1045 4589 1103 4660 rotl5
1121 4588 1216 4658 Ke'ruoc
1237 4634 1285 4649 ...
1305 4595 1397 4657 παῖδας

75 4685 247 4764 ‘Properabatur
270 4695 312 4745 sal
332 4695 476 4761 Πολέμωνα
500 4692 541 4746 καὶ
561 4686 643 4747 Ko'ruv
730 4696 765 4756 alc
789 4689 834 4754 τοὶς
859 4695 883 4747 ἔκ
908 4683 1002 4746 utimur
1025 4688 1067 4744 ael
1087 4695 1144 4756 (sie)
1169 4681 1292 4761 upryu'vev
1312 4688 1396 4748 aurate

78 4781 232 4856 tarataptvec
252 4785 458 4839 invassissent
477 4785 623 4852 βασιλείας.

145 4879 167 4944 ⁵)
191 4883 277 4936 Sallet
296 4879 417 4948 Beitrdqe
435 4899 480 4932 rur
496 4881 583 4932 Gesclt.
598 4881 650 4932 aad
667 4879 743 4932 Num.
759 4881 803 4932 dee
815 4879 914 4948 Kaiaiqa
933 4880 976 4932 des
989 4879 1085 4930 Pontus
1104 4895 1129 4944 p.
1144 4880 1187 4929 69.
1218 4878 1397 4946 Waddington

79 4970 191 5040 ne'lzrrpes
209 4973 241 5024 de
261 4975 372 5024 numism.
394 4976 419 5036 2,
442 4975 502 5025 115.

145 5063 168 5128 ‘l
194 5067 282 5120 Strab.
298 5069 341 5128 12,
357 5067 382 5128 3,
397 5067 413 5116 9
433 5082 460 5131 p.
475 5067 536 5118 555.
575 5067 615 5118 CI.
629 5066 738 5132 Ephem.
755 5069 779 5130 1,
795 5069 856 5116 270.

146 5155 169 5219 ³)
193 5160 278 5211 Sullet
295 5160 313 5208 l.
328 5175 350 5209 e.
370 5175 395 5224 p.
411 5161 443 5209 71
459 5175 512 5224 seq.

147 5247 170 5312 ⁸)
194 5251 277 5306 saltet
294 5253 313 5302 l.
328 5267 349 5302 c.
369 5267 395 5316 p.
411 5253 454 5304 76.
