3580 5938
641 629 1006 684 cunmcruusanrcn.
1470 609 1491 680 3

134 797 169 857 δ’
195 797 264 878 ἐγώ
289 796 379 862 τιν’τδς
399 796 510 884 perago*
528 794 648 886 Μυρίνης
669 793 716 860 καὶ
732 793 831 877 Κύμης
851 803 879 866 ἒς
900 773 936 862 Ιτοὶ
959 806 1010 862 τοῦ
1030 799 1121 862 αὐτοῦ
1139 793 1319 863 Ἀπᾶλλωνος
1339 801 1413 886 ἱεροῦ
1433 793 1486 886 {pal
1511 847 1514 855 .

134 927 202 960 σια
235 903 265 961 ἓν
293 905 335 980 τῷ
356 896 541 989 ὑπερκειμὲνῳ
563 897 640 981 λε’θῳ
663 908 714 976 τῆς
733 897 827 977 πύλης
848 899 993 983 μεγῖποις
1014 896 1062 964 arel
1084 898 1248 966 καλλῖἀτοις
1269 894 1418 988 ’γράμμασι
1440 927 1494 960 πα-

133 1009 247 1068 λαιοῖς
274 995 344 1064 ro'd'a
370 999 538 1090 ἐπίγραμμα
558 993 646 1090 εὗρον.
690 1009 797 1086 Itaque
827 1011 904 1068 unde
929 1010 978 1068 hic
1004 1026 1080 1067 unus
1106 1009 1193 1066 fluxit
1214 1008 1336 1079 titulus,
1362 1006 1495 1065 indidem

135 1120 236 1168 certe
259 1111 446 1186 reliquorum
468 1127 588 1186 quoque
610 1111 695 1187 origo
717 1112 880 1188 repetenda
898 1127 953 1182 est,
978 1119 1007 1170 et
1022 1130 1089 1169 curn
1101 1110 1292 1170 vallicellani
1307 1109 1494 1184 Pavianique

138 1211 329 1290 apographi
356 1214 436 1271 idern
463 1213 553 1271 luerit
573 1211 772 1290 archetypou,
799 1211 1188 1290 Mommsenide'Cyriaco
1210 1221 1330 1271 auctore
1350 1211 1493 1272 iudicium

138 1316 232 1372 satis
256 1316 419 1390 probatum
441 1328 496 1376 est.
923 1389 927 1402 ¹

240 1417 353 1476 Restat
374 1429 408 1477 ut
429 1420 578 1496 proferam
601 1422 681 1498 quod
705 1421 841 1480 versibus
853 1420 894 1479 'in
910 1419 1107 1478 Vallicellauo
1130 1426 1267 1476 accurate
1284 1415 1390 1474 divisis
1406 1415 1493 1472 fidem

136 1520 259 1578 faciat.
307 1521 343 1578 ln
365 1521 469 1580 eodem
491 1496 575 1581 cuius
597 1523 707 1606 lemma
729 1524 818 1582 modo
839 1522 965 1600 adposui
988 1523 1077 1580 titulo
1099 1522 1143 1580 sic
1165 1521 1320 1580 scribitur:

695 1737 851 1798 Ἀπολλωνι
873 1762 954 1823 χρησ-

696 1865 859 1925 χρηπηριω
882 1866 890 1896 r

696 1953 856 2029 φιλεταιρος

696 2055 842 2104 arrabea.
868 2079 906 2090 —

143 2253 182 2302 ut
208 2249 317 2319 pateat
336 2239 488 2299 librarium
511 2249 670 2318 propterea
691 2240 808 2298 litteras
830 2261 911 2322 χρῆν
933 2240 990 2296 v.l
1015 2237 1163 2297 delevisse
1185 2239 1266 2315 quod
1283 2239 1314 2297 in
1329 2240 1491 2315 archetypo

146 2344 263 2403 versui
285 2342 414 2400 secundo
436 2341 554 2400 demum
575 2361 627 2401 eas
641 2343 733 2401 tribui
747 2341 941 2420 intellegeret.
976 2338 1190 2401 curiosissime
1204 2341 1295 2417 igitur
1309 2341 1387 2399 hanc
1401 2341 1492 2400 oflicii

147 2446 201 2506 sui
229 2455 344 2522 partem
367 2452 542 2520 persecutus
564 2456 619 2504 est.
664 2442 733 2517 Qua
755 2463 787 2502 re
808 2444 866 2504 etsi
888 2462 948 2501 nou
971 2443 1110 2522 eflicitur,
1132 2445 1230 2520 ipsum
1253 2444 1342 2502 etiam
1365 2443 1492 2520 quadra·

148 2549 269 2606 tarium
293 2547 335 2604 ita
356 2565 459 2606 versus
483 2533 689 2619 distribuisse,
716 2555 816 2604 tamen
839 2547 876 2604 ad
899 2547 930 2604 id
952 2547 1031 2622 quod
1054 2546 1142 2604 nobis
1163 2566 1218 2623 pro
1240 2547 1404 2624 archetypo
1425 2565 1492 2608 esse

148 2651 249 2709 debet
275 2649 445 2725 exemplum
471 2649 609 2726 proxime
635 2649 828 2708 accessimus
872 2648 992 2706 Etenim
1019 2668 1085 2707 cum
1112 2649 1171 2726 ipsi
1197 2649 1313 2724 lapides
1341 2649 1492 2724 perierint,

150 2754 185 2810 in
217 2751 324 2809 eadem
350 2751 440 2829 plane
466 2769 559 2810 causa
585 2770 750 2822 versamur,
779 2760 868 2826 atque
894 2751 944 2827 qui
971 2751 1126 2826 scriptoris
1152 2751 1278 2809 alicuius
1301 2751 1407 2822 editor,
1433 2751 1494 2810 nisi

152 2853 208 2912 ubi
236 2854 311 2912 ratio
333 2862 427 2925 vetat,
449 2853 515 2912 eius
539 2854 649 2913 codicis
673 2853 809 2930 sequitur
830 2853 1050 2925 auctoritatem,
1074 2853 1126 2929 qui
1148 2852 1405 2912 accuratissimam
1426 2872 1493 2929 pcr-

151 2957 214 3016 diti
244 2956 397 3033 archetypi
424 2955 587 3032 imaginem
615 2957 727 3014 referre
748 2956 892 3014 videatur.
939 2953 1047 3032 Neque
1072 2955 1163 3013 aliam
1185 2955 1332 3014 rationem
1353 2956 1385 3013 in
1406 2956 1493 3014 resti-

151 3058 274 3117 tuenda
294 3058 420 3116 dialecto
442 3058 558 3116 aeolica
579 3067 699 3117 secutus
722 3075 804 3130 sum,
827 3058 913 3115 cuius
933 3057 1046 3134 passim
1068 3056 1238 3116 oblitterata
1259 3065 1329 3116 sunt
1351 3057 1492 3132 vestigia3

152 3161 228 3220 cari
256 3179 293 3218 ue
318 3179 379 3237 quo
402 3160 546 3219 aeolicum
567 3141 694 3220 formam
717 3161 753 3218 de
775 3177 841 3218 meo
863 3159 1018 3231 inferrem,
1045 3159 1104 3218 uisi
1127 3159 1177 3217 ubi
1199 3159 1307 3218 leviter
1328 3179 1347 3218 a
1369 3159 1493 3218 librario

152 3271 313 3340 peccatum
336 3281 403 3321 esse
425 3261 615 3321 manifestum
638 3262 709 3334 fuit;
732 3239 829 3338 neque
851 3279 911 3338 quo
934 3262 1047 3320 monito
1070 3262 1122 3320 vix
1143 3281 1219 3339 opus
1242 3262 1350 3321 estad
1371 3279 1493 3320 severas

151 3383 282 3424 normas
308 3365 462 3424 titulorum
488 3365 652 3424 maximam
677 3375 793 3442 partem
824 3364 982 3423 recentium
1005 3363 1161 3422 dialectum
1183 3365 1281 3442 exegi,
1323 3364 1387 3423 Diu
1409 3383 1493 3424 mau-

152 3469 241 3527 sisse
267 3466 426 3526 dialectum
455 3469 537 3545 apud
558 3467 700 3526 Aeolicos
723 3487 823 3526 verum
845 3475 905 3539 est,
935 3467 989 3525 sed
1010 3475 1074 3526 arte
1096 3465 1192 3543 magis
1214 3466 1381 3543 quaesitam
1402 3485 1491 3543 quam

153 3579 269 3629 natura
289 3569 426 3640 insitam,
453 3587 548 3645 neque
571 3569 643 3646 quid
665 3569 722 3628 sibi
744 3569 912 3646 postularet
933 3568 1072 3641 rationis,
1100 3568 1177 3626 inter
1198 3570 1397 3643 posteriorum
1418 3577 1493 3628 tem·

152 3691 268 3750 porum
294 3671 431 3729 homines
458 3673 534 3730 satis
561 3672 726 3730 constabat.
770 3673 955 3730 Acceutuum
977 3669 1060 3728 locus
1082 3689 1149 3728 cum
1172 3671 1342 3730 etiamnunc
1363 3671 1492 3730 difficilis

152 3775 198 3833 sit
223 3782 254 3831 et
274 3773 399 3833 arbitrio
420 3774 515 3850 magis
537 3792 627 3849 quam
649 3773 748 3850 legum
771 3772 940 3832 certitudini
963 3773 1122 3845 obnoxius,
1148 3773 1357 3850 grammaticos
1380 3773 1492 3845 audivi,

151 3876 209 3934 ubi
235 3874 306 3952 quid
328 3875 524 3949 tradiderunt,
547 3876 598 3934 ubi
620 3876 799 3948 defecerunt,
822 3873 937 3951 vulgari
957 3875 1028 3933 usui
1049 3875 1311 3934 obsecundandum
1333 3875 1446 3952 putavi.

678 4611 768 4689 Apud
790 4610 972 4687 Mytilenem.

272 4795 281 4804 ⁸
368 4794 1487 4880 leonnattatoartttostaanorttnudtarcrtfitkomataratantara!

368 4898 1316 4983 nataaatrtrtotnaxectatintoxaflxt'stoltfivfirrfittan
1341 4902 1488 4979 ΚΑΙΙΑΠΟ

368 5009 584 5062 ΠΡΟΓΟΝωΝ
594 5005 598 5082 Ι
608 5007 825 5062 ΕΥΕΡΓΕΤΑΝ
837 5005 841 5081 Ι
852 5008 1059 5062 ΚΑΙΚΤΣΤΑΝ
1070 5005 1075 5082 Ι
1085 5004 1488 5081 ΤΑΣΓΙΟΛΙΟΣΙΑΜΜΕωΝ·

369 5105 1487 5183 ΤΑΝὓΙΑΙωΝΟΣΠΡΥΤΑΝΙΥἢΑΡΕΤΑΣΕΝΕΚΑΙΠΑΙΣΑΣ·ΤΑΝΓΥΝΑΙ

366 5209 1487 5285 ΚΑΤωΣΕΒΑΣΤωΝΕψΑΝ·ΘΕΑΝΒΟΛΛΑΚΑΙΟΔΑΜΟΣΙΣΕΒΑΣΤΑΝ

367 5311 1252 5386 ΓΥΜΝΑΣΙΛΡΧΟΝ.ΙΔ1ΑΙωΝΟΣΙΟΥΛΙΑΝΑΓΡΙΠΓΙΙΝΑΝ

1247 5409 1286 5468 l*
