3530 5932
805 1862 1264 1976 ADDITAMENTA

660 2065 737 2146 Au
767 2063 1027 2150 CORPORIS
1055 2063 1313 2149 vouvuuu
1341 2063 1371 2144 1.

949 2314 1102 2323 ——--—

363 2513 434 2575 296
465 2516 577 2576 tabella
603 2519 716 2577 ahenea
741 2539 804 2596 rep.
832 2519 947 2579 Romae
977 2520 1024 2579 vel
1054 2524 1086 2578 in
1112 2536 1185 2596 agro
1207 2515 1345 2576 Romano
1373 2519 1458 2572 extat
1488 2511 1565 2591 apud
1590 2508 1673 2588 Capu

361 2618 533 2678 bianchium
554 2640 653 2680 rerum
675 2623 865 2698 antiquarum
887 2622 1067 2682 institorem.

445 3817 617 3894 Descripsit
639 3816 863 3892 Gcmurrinius3
900 3817 1061 3878 Henzenuc
1083 3817 1208 3877 contulit
1238 3816 1390 3894 ediditque
1411 3817 1496 3876 Buil.
1525 3820 1588 3875 inci.
1607 3811 1671 3872 urci.

365 3919 444 3980 1874
467 3942 496 3999 p.
519 3919 569 3981 82.

442 4021 537 4082 ‘Ausi
551 4023 661 4082 dictum
683 4032 731 4082 est
750 4043 806 4102 pro
828 4023 938 4094 Albcci,
959 4021 1088 4083 Albensi.
1131 4022 1180 4082 De
1202 4023 1326 4083 elisione
1342 4023 1489 4082 vocalium
1510 4025 1541 4080 in
1555 4032 1672 4079 sermone

358 4123 545 4204 ‘praesertim
577 4125 841 4184 Praenestinorum
874 4135 1008 4184 veterum
1040 4126 1079 4184 cf.
1108 4125 1227 4184 Ritschl
1261 4114 1364 4184 Riciu.
1392 4126 1471 4210 Muc.
1494 4145 1521 4183 u.
1543 4123 1577 4181 F.
1607 4117 1669 4178 1861

358 4227 397 4306 ‘p.
422 4229 461 4287 60
484 4246 568 4306 seqq.
607 4259 645 4269 -
690 4225 766 4287 Cum
795 4228 883 4286 Albci
899 4237 985 4305 patre
1014 4228 1152 4286 videntur
1173 4239 1253 4288 recte
1274 4229 1414 4307 componi
1434 4228 1580 4297 Reatinus,
1607 4221 1671 4280 Tibe·

358 4327 459 4402 ‘rinuu
483 4329 631 4407 Turpcnuc
649 4325 752 4407 pater?
795 4329 845 4394 W..
868 4329 909 4389 H.

363 4765 433 4825 297
456 4767 654 4844 fragmentum
674 4766 784 4843 lapidis
807 4765 958 4826 Tiburtini
980 4766 1089 4826 litteris
1125 4765 1252 4826 vetustis
1279 4764 1395 4825 Romae
1428 4785 1531 4826 meuse
1562 4757 1667 4824 Octobri

403 4869 473 4927 anni
504 4867 581 4928 1873
611 4877 776 4928 extractum
805 4888 843 4928 ex
879 4889 966 4928 muro
993 4869 1122 4945 quodam
1153 4877 1254 4928 veterc
1279 4886 1373 4945 prope
1395 4868 1515 4928 domum
1540 4860 1667 4925 curatoris

402 4971 510 5029 aerarii
545 4971 658 5047 publici
693 4971 851 5048 (minictcrc
877 4971 950 5029 delle
971 4971 1115 5048 finauce),
1152 4990 1228 5048 quae
1262 4972 1412 5029 extruitur
1446 4971 1522 5030 iuter
1555 4968 1666 5046 placeam

402 5074 434 5130 di
472 5073 596 5131 Termini
634 5081 665 5131 et
695 5083 813 5150 portam
850 5072 937 5131 Pium
976 5073 1015 5130 ad
1049 5074 1129 5133 viam
1161 5074 1234 5133 olim
1265 5073 1297 5132 di
1318 5082 1407 5150 porta
1428 5071 1497 5144 Pia,
1544 5085 1615 5128 nuuc
1632 5059 1667 5120 ἅθ’

401 5178 477 5234 venti
497 5174 657 5235 settembre.
