3532 5938
369 543 423 597 so.
444 544 494 596 ou
511 544 695 597 uvuumrs
714 543 854 598 amous
870 522 1090 598 suavsusrs.
1313 525 1358 596 ut
1364 523 1385 596 9

75 723 193 778 esermtui
216 737 268 778 sua
286 720 450 796 postularet
470 729 522 778 aut
543 720 644 780 bellum
665 718 864 798 iaeaplicalrile
883 722 1069 779 minitaretur.
1112 718 1181 778 Non
1199 719 1276 779 alios
1298 707 1388 796 mopia

75 840 121 881 sua
136 821 290 898 populique
311 823 435 881 Romani
456 823 624 882 contumelio
644 823 800 882 indoluisse
824 821 976 880 Caesarem
995 824 1105 898 semem,
1138 841 1222 899 quam
1243 825 1322 900 quod
1341 823 1388 880 cle·

75 935 155 984 sator
175 935 201 983 et
215 927 330 1000 proedo
353 927 474 984 bostium
494 945 571 985 more
592 937 695 1004 operat.
739 925 785 983 Ne
806 925 951 1001 Spartaco
973 925 1084 1002 quidem
1108 935 1177 1000 post
1196 933 1237 984 tot
1257 925 1388 984 consula-

73 1031 138 1086 rium
157 1031 326 1087 marciarce
348 1029 444 1087 clades
465 1029 586 1088 inultam
607 1029 728 1087 Italiam
748 1031 849 1099 urenti,
878 1045 1051 1104 quamquam
1073 1025 1198 1086 Sertorii
1222 1036 1306 1104 atque
1327 1028 1388 1086 Mi-

76 1131 198 1188 tiridatis
212 1131 372 1206 impensibus
395 1132 475 1190 bellis
499 1132 609 1191 laboret
628 1149 674 1189 res
691 1131 821 1208 publica,
844 1131 950 1202 datum
971 1140 1004 1188 ut
1020 1139 1105 1206 pacto
1127 1133 1157 1187 tn
1173 1131 1259 1206 fidem
1279 1134 1387 1207 accipe·

77 1241 158 1292 retur.-
177 1233 279 1291 medum
297 1233 490 1309 pulcherrimo
509 1234 611 1310 populi
624 1233 749 1292 Romami
762 1235 884 1308 sastipio
900 1233 974 1291 latro
992 1233 1163 1309 Tacfarinas
1182 1251 1256 1309 poce
1277 1241 1303 1290 et
1324 1250 1387 1291 com·

76 1339 186 1394 cesamo
208 1354 347 1411 aprorum
367 1337 559 1394 redimeretur.
602 1336 668 1394 Dat
687 1338 829 1413 nepotium
848 1335 968 1406 Blaeso,
992 1345 1093 1394 ceteros
1118 1337 1230 1410 quitiam
1252 1335 1292 1393 ati
1312 1353 1389 1412 spem

73 1419 212 1514 proliceret
233 1456 317 1496 arma
339 1441 399 1496 sime
419 1456 496 1497 uoaa
514 1440 650 1514 ponendi,
671 1441 763 1514 ipsius
786 1446 878 1496 autem
899 1439 979 1496 ducis
1001 1455 1112 1513 quoquo
1133 1439 1215 1496 modo
1233 1446 1387 1514 poteretur.

75 1540 149 1597 ltaue
169 1539 261 1598 vero?
306 1539 439 1600 Eaedem
465 1550 582 1616 gentes,
611 1558 688 1617 quae
715 1540 791 1598 ultro
815 1540 926 1599 bellum
947 1539 1091 1611 inferunt,
1119 1539 1188 1596 vivo
1210 1547 1294 1598 tanto
1316 1539 1389 1598 duee

76 1661 129 1699 esm
161 1643 198 1701 ob
230 1660 355 1701 causam
387 1643 425 1700 ab
455 1644 545 1700 armis
572 1642 731 1702 discedunt
759 1643 839 1720 quod
865 1642 996 1701 Romani
1022 1643 1064 1700 eis
1095 1641 1275 1719 ignoscunt?
1319 1639 1389 1702 Sine

76 1744 154 1801 lubio
174 1745 211 1816 ii,
240 1745 293 1820 qui
318 1763 402 1804 arma
428 1753 605 1822 posuerunt,
629 1765 665 1804 ea
686 1762 763 1821 quae
784 1755 986 1822 poposcerant
1006 1746 1158 1802 consecuti
1180 1756 1263 1816 sunt,
1292 1743 1322 1802 id
1344 1753 1390 1803 est

76 1847 244 1904 territorium
272 1847 353 1905 intra
379 1847 563 1922 provinciam
593 1847 643 1906 ubi
669 1847 849 1906 habitarent:
882 1866 951 1906 nam
979 1847 1167 1905 Musulamiis
1196 1847 1306 1905 saltum
1333 1845 1389 1904 Be·

76 1967 204 2024 guensem
226 1949 441 2025 planitiemque
463 1949 664 2008 subiacentem
688 1951 798 2009 tributa
819 1968 888 2009 esse
910 1969 948 2009 ex
970 1957 1161 2008 monumento
1187 1949 1224 2006 ele
1246 1967 1305 2025 quo
1328 1949 1390 2025 agi-

76 2069 132 2108 mus
151 2051 286 2112 discitur.
330 2051 453 2110 Tacitus
486 2071 550 2110 rem
581 2052 623 2111 ita
655 2061 758 2110 narrat
790 2061 821 2111 ut
852 2053 882 2110 in
914 2059 981 2110 actu
1007 2051 1128 2128 publica
1153 2051 1248 2110 relata
1273 2051 1390 2110 videtur

76 2151 158 2210 luisse
178 2171 276 2229 neque
298 2153 463 2227 intellexit,
496 2173 550 2214 cur
572 2154 710 2213 Tiberius
732 2153 834 2213 Blaesi
856 2172 904 2213 res
927 2163 1027 2231 gestas
1053 2154 1281 2230 triumphalibus
1303 2172 1390 2213 orna·

76 2257 170 2314 meufis
196 2275 257 2315 non
283 2255 373 2315 nimis
400 2257 506 2334 dignas
533 2257 727 2316 existimaret.
770 2256 821 2315 Ad
849 2257 924 2315 hanc
945 2256 1194 2315 Musulamiorum
1222 2265 1337 2332 partem
1359 2257 1390 2315 in

76 2357 247 2432 provinciam
268 2359 512 2436 proconsularem
534 2369 683 2437 receptam
707 2358 824 2418 videtur
849 2360 997 2437 pertinere
1024 2359 1103 2434 quod
1126 2378 1205 2417 anno
1228 2357 1268 2417 24
1290 2377 1391 2418 narra·

78 2469 125 2528 tur,
145 2460 336 2519 Dolabellam
354 2464 502 2537 principes
525 2463 764 2520 Musulamiorum
786 2463 963 2535 defectionem
985 2471 1143 2539 coaptantes
1166 2465 1258 2520 securi
1275 2481 1389 2538 percus·

77 2565 137 2620 sisse
147 2563 189 2639 ¹),
216 2563 326 2622 deinde
347 2564 399 2638 qui
422 2564 500 2638 apud
521 2561 687 2639 Pliniumt)
711 2573 780 2640 post
801 2562 984 2640 Capsitanos
1005 2572 1273 2623 commemorantur
1288 2565 1390 2622 Musu-

78 2664 135 2722 lami
153 2666 230 2724 inter
252 2669 390 2736 ciuitates,
416 2684 489 2742 quoe
511 2670 594 2724 etiam
613 2668 743 2724 nationes
765 2671 827 2726 iure
847 2669 906 2726 elici
923 2676 1052 2742 possunt,
1082 2665 1210 2742 denique
1226 2668 1390 2742 praefectus

77 2770 154 2840 pertis
174 2767 419 2826 Musulamiorum
439 2768 518 2826 tituli
541 2766 685 2828 Galamae
705 2768 872 2845 reperti³),
905 2788 972 2828 oum
993 2787 1099 2828 manus
1122 2768 1175 2826 illa
1197 2768 1391 2827 Musulamio-

77 2887 131 2926 rum
151 2887 239 2944 quam
263 2869 368 2952 Victor
390 2870 446 2928 sub
467 2869 836 2948 imperatore'Claudi04)
858 2890 977 2931 caesam
999 2878 1110 2942 narrat,
1132 2888 1234 2929 eorum
1255 2870 1391 2929 videatur

77 2969 159 3029 luisse
179 2973 230 3049 qui
251 2972 284 3030 in
307 2972 460 3032 veteribus
483 2972 604 3032 sedibus
626 2985 838 3034 remanserant.
881 2973 1051 3049 Praefectus
1073 2973 1195 3033 cohortis
1217 2973 1238 3031 I
1255 2973 1391 3032 Musula·

79 3077 182 3132 uiarum
204 3077 234 3132 iu
256 3075 446 3134 Mauretania
468 3076 598 3134 occurrit
618 3077 650 3133 in
671 3077 758 3135 titulo
780 3066 1043 3152 Tubursicensi5).

148 3175 198 3234 lus
220 3176 422 3236 nundinarum
443 3178 691 3237 instituendarum
713 3181 825 3256 petitur
846 3199 865 3238 a
886 3185 1001 3238 senatu.
1044 3179 1094 3238 Ita
1115 3177 1195 3254 apud
1220 3177 1390 3254 Pliniumt)

79 3295 182 3355 quoque
207 3281 255 3338 vir
281 3281 450 3356 praetorius
480 3299 499 3338 a
524 3288 629 3340 senatu
657 3282 741 3358 petit,
775 3290 807 3339 ut
829 3281 887 3340 sibi
909 3282 1064 3341 instituere
1086 3281 1235 3340 nundinas
1257 3281 1288 3339 in
1311 3280 1391 3358 agris

80 3381 133 3438 suis
152 3401 246 3459 prope
267 3380 414 3440 vicetiam
437 3382 504 3441 sitis
528 3384 725 3459 permittatur,
747 3402 843 3460 neque
866 3384 926 3443 alia
952 3402 1003 3442 res
1025 3405 1043 3443 a
1065 3381 1250 3458 Suetoniol)
1279 3383 1392 3460 signifi-

79 3489 157 3554 cetur,
182 3484 234 3542 ubi
254 3485 466 3561 imperatorem
482 3483 639 3544 Claudium
660 3486 707 3545 ius
729 3487 929 3546 nundinarum
949 3487 981 3545 in
1001 3488 1121 3564 privata
1141 3484 1264 3561 praedia
1284 3505 1303 3543 a
1323 3503 1392 3544 cou-

80 3585 180 3645 sulibus
205 3587 333 3664 petiisse
361 3587 459 3660 refert,
493 3588 535 3646 ita
561 3589 681 3664 quidem
706 3596 738 3648 ut
765 3588 786 3647 ii
813 3590 989 3647 relationem
1016 3589 1055 3646 ed
1087 3599 1221 3648 senatum
1249 3587 1392 3645 lacerent.

81 3683 180 3746 Contra
204 3691 235 3748 in
262 3690 421 3766 provincia
443 3688 533 3767 Syria
559 3698 588 3748 et
610 3690 767 3749 Pannonia
793 3693 946 3770 superiore
972 3692 1010 3749 ab
1035 3691 1214 3767 imperatore
1240 3689 1318 3748 idem
1344 3690 1392 3748 ius

81 3927 270 3940 ᾖ,

146 4107 167 4170 ¹)
195 4109 260 4159 Tac.
281 4109 350 4157 Anu.
371 4109 396 4168 4,
419 4109 462 4158 24.

144 4197 167 4261 ²)
194 4201 260 4250 illst.
280 4207 334 4250 nat.
355 4201 380 4261 5,
399 4202 426 4262 4,
447 4199 489 4250 30.

144 4289 167 4354 ³)
192 4293 291 4343 Renier
301 4291 363 4343 Rec.
377 4293 449 4342 2715
468 4290 496 4342 T.
509 4289 604 4342 Flauio
622 4291 651 4342 T.
663 4291 689 4357 f.
705 4288 777 4351 Quir.
791 4290 882 4344 Macro
892 4292 926 4343 ll
935 4293 1012 4356 virle)
1025 4292 1129 4360 stamini
1141 4299 1264 4362 perpetuo
1279 4292 1392 4343 Ammae-

82 4379 214 4445 clareusiurs,
236 4384 389 4453 praejlecto)
408 4386 490 4451 pontia
507 4382 722 4447 Musulamiorum,
751 4387 865 4436 muratori
880 4385 1004 4452 frumeuti
1020 4385 1185 4454 comparandi
1201 4387 1229 4436 ia
1247 4383 1392 4450 aauoaa[m]

83 4473 141 4526 ariis
157 4477 229 4540 sacto
249 4495 267 4526 a
285 4475 344 4527 ‹liao
363 4474 453 4527 Nerua
476 4475 597 4539 Traiano,
618 4476 806 4544 proc(uratorr)
826 4477 957 4546 Aup(ustr)
971 4477 1135 4546 praediorum
1153 4478 1261 4529 saltuum
1343 4493 1393 4544 po·

81 4569 160 4618 aiensis
181 4568 236 4632 [vix
255 4567 440 4637 Hipponensis]
465 4577 488 4620 et
512 4567 661 4632 Ylsereatini,
684 4573 848 4638 procuratori
867 4570 996 4638 Auq(ustc)
1015 4572 1166 4639 prouinciae
1190 4569 1305 4622 Siciliae.
1344 4571 1394 4621 Hic

83 4661 209 4723 preelectus
228 4663 312 4728 gentis
329 4653 407 4713 ‘nullo
427 4663 556 4713 etiamtum·
569 4661 666 4712 urbium
685 4656 759 4714 aeltu’
778 4665 971 4729 componendus
991 4673 1029 4714 est
1047 4680 1105 4714 cum
1122 4664 1258 4730 praelectis
1275 4663 1390 4731 gentium

83 4751 229 4816 Alpinarum,
250 4756 391 4806 civitatium
411 4755 572 4821 Moesiaalet
591 4755 738 4806 Trebellius
758 4757 865 4822 aliisque
883 4756 1018 4808 similibus.

146 4844 169 4908 ⁴)
195 4849 260 4897 Aur.
280 4848 373 4898 Victor
392 4848 516 4899 Claudius
535 4851 580 4912 ta
600 4849 660 4914 epit.
680 4850 735 4912 4,5.

147 4937 169 5000 ⁸)
196 4939 292 4991 Reuior
309 4940 374 4991 Reo-
397 4938 476 4992 2971.

148 5027 170 5092 ⁸)
196 5033 278 5098 Epist.
299 5033 325 5096 5,
346 5034 371 5083 4.

148 5117 171 5184 ¹)
197 5125 318 5176 Claudius
340 5127 383 5177 12.
