3580 5938
352 580 374 648 2
909 583 912 588 ’
946 601 1084 651 narsus

319 819 327 828 ,,
351 771 553 830 collectionem
583 773 746 832 confectam
774 792 841 832 esse
868 749 1020 850 appareat.
1063 773 1189 846 Praeter
1211 771 1371 850 Cyriacum
1393 769 1497 832 'autem
1525 794 1612 834 nemo
1633 786 1682 834 est

352 874 402 949 qni
424 874 486 932 XV
501 875 548 932 vel
562 875 639 934 XVI
655 873 775 934 saeculo
796 909 838 920 -
859 876 916 934 hoc
937 877 1016 934 euim
1033 883 1166 953 tempore
1182 873 1311 952 scriptus
1326 885 1372 935 est
1387 877 1451 934 cod.
1467 875 1624 936 Palatinus
1639 911 1680 920 —

350 974 480 1035 Lesbum
502 977 631 1036 insulam
656 978 841 1054 antiquitatis
863 965 1054 1036 monumenta
1075 977 1234 1053 colligendi
1256 997 1350 1037 causa
1371 978 1486 1036 adierit.
1523 979 1682 1038 Lemmata

352 1078 463 1136 codicis
487 1098 637 1155 uunquam
659 1080 779 1156 quidem
801 1080 914 1138 eisdem
938 1080 1047 1150 verbis,
1075 1079 1182 1156 quibus
1204 1079 1341 1138 Pariana
1361 1090 1505 1156 wncepta
1527 1089 1606 1166 sunt,
1627 1082 1680 1138 sed

350 1181 382 1236 in
408 1180 483 1258 ipsis
510 1183 599 1241 rebus
625 1184 744 1258 egregie
766 1191 946 1258 congruunt,
974 1182 1012 1240 cf.
1036 1182 1071 1240 ad
1095 1201 1123 1238 ιι.
1140 1182 1228 1240 XXI.
1250 1181 1356 1240 XXII.
1376 1182 1415 1240 V.
1438 1181 1544 1250 XXV.
1561 1183 1678 1241 XXVI.
1787 1223 1788 1226 =

350 1281 461 1339 Paullo
489 1283 697 1341 alitercodex
723 1283 936 1342 Valliccllanus
965 1293 1154 1361 comparatus
1183 1293 1238 1342 cst.
1286 1284 1413 1343 Praeter
1430 1284 1571 1342 ‘Asianos
1600 1287 1679 1342 enim

351 1384 493 1460 quinque,
515 1385 545 1442 in
569 1386 677 1461 quibus
692 1385 858 1444 Lesbiacae
880 1366 1029 1462 qbattuor,
1044 1387 1198 1445 Romanae
1220 1387 1432 1461 inscriptiones
1455 1386 1541 1458 duae,
1556 1384 1679 1445 Ostien-

350 1504 399 1544 ses
421 1486 565 1545 Reatinae
582 1487 775 1546 Florentinae
797 1489 943 1566 singulae,
966 1489 1043 1547 aliae
1066 1507 1179 1564 paucae
1200 1488 1267 1546 loco
1289 1477 1372 1544 riullo
1394 1487 1524 1546 indicato
1546 1488 1589 1546 ibi
1610 1507 1679 1565 pro-

351 1598 440 1661 stant,
463 1589 565 1646 latinis
588 1590 704 1666 graecis
727 1591 838 1648 mixtis.
884 1589 1048 1650 Videamus
1069 1591 1284 1649 Lesbiacorum
1305 1589 1457 1648 lemmata.

416 1692 441 1747 1.
475 1689 565 1750 huius
589 1692 658 1768 syll.
681 1712 709 1749 ιι.
724 1692 780 1750 IV:
807 1693 838 1750 in
864 1693 1004 1751 columna
1024 1710 1190 1750 marmorea
1210 1691 1343 1751 Neronis
1365 1692 1558 1770 epigramma.
1602 1691 1678 1752 Cod.

475 1793 570 1852 Vall.:
594 1795 632 1852 ad
654 1813 850 1853 marmoream
871 1795 1039 1853 columnam
1060 1795 1090 1852 in
1106 1793 1257 1852 Neronem
1274 1793 1435 1854 Caesarem
1458 1795 1650 1872 epigramma.

415 1895 442 1954 2.
476 1895 504 1953 h.
528 1896 596 1973 syll.
617 1916 645 1954 ιι.
662 1896 754 1955 XIII:
777 1897 808 1954 iu
830 1897 891 1954 alia
912 1896 1014 1972 (basi).
1049 1895 1122 1955 Ood.
1139 1897 1235 1956 Vall:
1258 1896 1297 1984 ad
1319 1915 1516 1956 marmoream
1538 1897 1626 1955 basin
1646 1897 1680 1954 in

474 1996 639 2056 Traianum
662 1997 832 2056 Caesarem.

414 2100 441 2157 3.
474 2099 504 2158 h.
521 2101 589 2176 syll.
612 2121 640 2157 n.
656 2099 811 2158 XXVIII:
833 2101 948 2161 Ibidem
971 2101 1004 2178 (i.
1021 2121 1046 2160 c.
1068 2101 1099 2159 in
1114 2101 1229 2159 balneis
1243 2101 1360 2177 Lesbi).
1394 2099 1469 2160 cod.
1483 2101 1576 2160 Vall.:
1599 2101 1680 2178 apud

474 2200 597 2260 Lesbon
619 2203 649 2260 in
671 2202 799 2277 quadam
822 2203 897 2262 basi.
1277 2233 1282 2252 ι

413 2305 441 2361 4.
476 2304 505 2362 h.
529 2304 598 2380 syll'
620 2324 649 2363 ιι.
665 2305 744 2362 XII:
768 2306 799 2364 iu
821 2306 880 2364 alia
901 2306 967 2365 basi
989 2305 1185 2380 (praecedunt
1206 2305 1386 2382 MytiIInea).
1430 2303 1504 2365 Cod.
1520 2304 1616 2365 Vall:
1640 2305 1680 2363 ad

475 2425 672 2466 marmoream
694 2407 781 2466 basin
803 2407 883 2484 apud
904 2408 1078 2484 Mytilenen.

351 2507 533 2568 Consideres
556 2509 661 2580 velim,
687 2509 719 2568 in
740 2510 877 2568 Pariana
903 2510 1077 2587 apographo
1105 2509 1225 2568 minime
1251 2511 1369 2586 integra
1394 2511 1507 2569 servari
1529 2510 1679 2582 lemmata,

350 2612 441 2670 immo
471 2612 557 2669 valde
583 2612 615 2670 in
643 2611 762 2669 brevius
792 2619 926 2670 coartata
954 2621 1043 2688 atque
1071 2629 1110 2669 ex
1137 2615 1274 2688 proxime
1304 2613 1448 2688 cuiusque
1476 2612 1678 2670 antecedentis

350 2693 677 2772 naturaeontorinata:
700 2715 855 2784 concedes,
878 2733 937 2773 nou
959 2732 1029 2774 casn
1051 2713 1164 2772 factum
1185 2732 1261 2785 esse,
1282 2723 1315 2773 ut
1335 2733 1372 2772 ne
1387 2700 1565 2790 sicquidem
1580 2714 1678 2772 omnis

350 2815 520 2874 lemmatum
543 2816 707 2874 similitudo
729 2817 852 2902 periret3
876 2816 913 2874 ef.
935 2816 967 2873 in
988 2815 1093 2893 primis
1115 2815 1152 2873 ad
1175 2836 1204 2873 ιι.
1220 2815 1274 2874 IV.

432 2918 537 2977 Lectio
549 2919 749 2978 Vallicellana
770 2918 922 2976 rarissime
944 2937 963 2976 a
976 2918 1112 2976 Paviauo
1130 2916 1293 2995 discrepat3
1316 2936 1412 2994 neque
1427 2918 1505 2977 enim
1520 2936 1591 2977 curo
1605 2918 1678 2976 leri-

351 3022 455 3080 densia
479 3021 534 3078 illa
559 3021 681 3093 menda,
709 3039 786 3097 quae
812 3038 866 3095 pro
894 3038 927 3078 se
953 3021 1080 3096 quisque
1104 3039 1198 3096 prava
1223 3020 1362 3096 loquendi
1391 3019 1604 3079 consuetudine
1624 3021 1679 3077 im·

351 3125 442 3182 butus
464 3123 574 3180 inferre
596 3124 722 3192 solebat,
745 3132 777 3179 ut
798 3141 853 3197 pro
875 3147 890 3191 η
914 3122 1056 3180 scriberet
1078 3145 1096 3191 ι,
1119 3144 1132 3177 ο
1154 3141 1209 3199 pro
1232 3145 1252 3178 ω
1275 3121 1341 3180 sim.
1377 3121 1413 3180 In
1431 3123 1517 3181 titulo
1532 3121 1578 3180 IV
1593 3140 1677 3198 prae-

351 3225 464 3301 scripta
486 3223 615 3281 formula
635 3221 648 3279 ὅ
666 3217 752 3292 δῆμος
772 3255 814 3266 -
836 3224 879 3282 sic
894 3225 973 3282 enim
988 3225 1019 3282 in
1030 3224 1228 3282 Vallicellano
1243 3256 1281 3265 —
1298 3223 1445 3282 omittitur
1458 3225 1488 3282 iu
1505 3223 1679 3303 apographo

350 3325 501 3395 Faviana,
528 3336 557 3384 et
582 3325 680 3403 potuit
706 3324 802 3383 omitti
827 3324 982 3397 facillime3
1013 3324 1145 3384 eiusdem
1172 3324 1376 3401 neglegentiae
1403 3326 1572 3404 exemplum
1598 3325 1680 3383 infra

350 3448 389 3486 ex
403 3428 543 3486 Palatino
558 3427 650 3485 adtuli
666 3427 705 3484 ad
726 3447 754 3485 n.
770 3427 877 3486 XXII.
894 3459 931 3469 -
955 3426 1072 3486 Deinde
1087 3427 1117 3485 in
1138 3447 1167 3484 n.
1183 3426 1243 3484 XII
1262 3427 1385 3504 legitur:
1409 3429 1676 3484 monstrosa

352 3534 475 3588 ΚΑΙΣΑ.
491 3532 807 3586 ΝΕΡΟΥΑΤΡΑΙΑΝΩ
824 3531 977 3598 ΚΑΙΣΑΡΙ,
1004 3529 1053 3586 ubi
1075 3529 1160 3586 nihili
1181 3547 1249 3587 esse
1271 3530 1353 3606 prius
1376 3533 1499 3586 ΚΑΙΣΑ.
1522 3537 1552 3588 et
1572 3537 1679 3604 sponte

351 3640 475 3710 apparet
497 3639 526 3689 et
548 3631 642 3690 sensit
661 3631 813 3701 librarius,
835 3631 887 3706 qui
907 3640 1045 3706 coeptum
1061 3621 1238 3689 vocabulum
1260 3649 1315 3690 uec
1336 3630 1373 3690 ad
1393 3630 1480 3690 tinem
1496 3631 1635 3708 perduxit
1649 3637 1681 3688 et

351 3746 491 3810 punctum
516 3733 673 3810 adposuit,
701 3741 735 3790 ut
761 3733 875 3792 scilicet
900 3750 1018 3792 errasse
1045 3749 1078 3789 ee
1105 3732 1297 3808 significaret.
1342 3731 1461 3792 Desunt
1485 3733 1541 3791 hae
1561 3732 1680 3790 litterae

351 3837 381 3894 in
401 3835 607 3906 Vallicellano.
651 3836 716 3893 Iam
741 3844 812 3893 vero
835 3833 998 3892 notandum
1020 3834 1119 3891 estin
1140 3835 1312 3913 apographo
1333 3834 1469 3893 Paviano
1491 3851 1598 3892 versus
1620 3850 1681 3892 ιιοιι

350 3938 412 3996 fere
434 3938 541 4009 dividi,
568 3938 659 3996 dividi
682 3957 752 3996 vero
778 3937 810 3994 iu
828 3936 1026 3995 Vallicellano
1053 3944 1082 3994 et
1107 3935 1195 3994 huius
1216 3935 1334 4012 quidem
1357 3934 1435 3994 tituli
1457 3937 1516 4007 ita,
1542 3943 1575 3994 ut
1596 3929 1680 3992 adro·

350 4029 462 4124 κράτορι
481 4047 511 4098 et
533 4040 665 4121 Τραιανῷ
684 4038 838 4097 vocabulis
860 4056 965 4097 versus
987 4038 1191 4110 termIneutur,
1218 4038 1321 4114 itaque
1342 4055 1449 4096 versus
1471 4035 1619 4095 secundus
1641 4033 1681 4093 ab

352 4146 469 4200 ΚΑΙΣΑ.
485 4142 621 4214 frustulo,
637 4141 743 4200 tertius
759 4141 796 4199 ab
813 4144 950 4197 talanat
968 4158 1039 4199 voce
1054 4140 1171 4199 initium
1187 4141 1295 4216 capiat.
1330 4137 1529 4216 Cognoscitur
1542 4139 1597 4196 hoc
1611 4155 1679 4214 pec-

351 4263 437 4303 casse
463 4245 633 4322 librarium,
660 4251 694 4302 ut
715 4262 734 4301 a
755 4242 877 4301 secundi
899 4242 938 4301 ad
958 4241 1037 4300 tertii
1058 4260 1163 4302 versus
1186 4241 1303 4300 initium
1325 4242 1422 4300 oculis
1444 4242 1596 4300 aberraret
1616 4257 1680 4297 cer·

181 4391 183 4399 .
243 4393 244 4396 ,
351 4355 474 4422 tumque
495 4356 543 4404 est
563 4363 669 4405 versus
692 4345 767 4404 adeo
788 4344 914 4403 eundem
935 4345 966 4402 in
988 4343 1108 4402 modum
1130 4344 1244 4404 diuisos
1267 4353 1425 4419 utrumque
1443 4341 1596 4401 librarium
1611 4351 1681 4398 aute

351 4449 456 4506 oculos
483 4447 632 4506 habuisse.
678 4445 794 4506 Certior
820 4448 910 4505 etiam
937 4445 963 4505 si
990 4446 1089 4523 possit
1115 4446 1179 4505 lieri
1206 4464 1253 4506 res
1279 4445 1312 4504 lit
1340 4463 1391 4518 eo,
1419 4443 1500 4522 quod
1526 4444 1682 4502 inerrare

351 4549 483 4626 quodam
515 4548 594 4609 haud
620 4549 737 4628 vulgari
770 4549 917 4606 consentit
948 4565 1015 4606 cum
1041 4547 1237 4607 Vallicellano
1263 4547 1433 4606 Pariauum
1460 4545 1680 4622 apographum

351 4652 507 4728 utrobique
522 4652 600 4710 enim
622 4651 654 4710 in
676 4671 703 4708 n.
719 4649 783 4710 XII
803 4670 859 4728 pro
874 4641 972 4720 κτίστῃ
989 4650 1129 4709 scribitur
1142 4645 1245 4708 κτίστω
1269 4649 1408 4726 (Parion.
1423 4637 1562 4726 artiora),
1583 4645 1682 4704 forma

350 4754 440 4830 plane
461 4754 605 4812 inaudita.

434 4855 626 4916 Vallicellani
650 4865 748 4916 autem
772 4854 970 4914 demonstrari
992 4861 1092 4931 potest
1112 4854 1244 4914 Asianos
1266 4854 1372 4914 saltem
1393 4852 1604 4929 inscriptiones
1620 4847 1681 4926 Cy·

351 4960 433 5018 riaco
463 4959 574 5018 deberi.
616 4958 761 5016 Traditur
788 4958 867 5015 enim
893 4956 913 5015 f.
935 4955 983 5014 45¹
1011 4957 1116 5015 titulus
1139 4953 1172 5015 C.
1193 4957 1218 5015 1.
1242 4955 1321 5015 3527
1350 4975 1416 5014 cum
1442 4956 1500 5014 hoc
1526 4955 1682 5012 lemmate:

350 5057 451 5139 ‘Apud
471 5060 592 5119 Eoliam
619 5060 746 5118 dirutum
768 5059 942 5136 Appollinis
969 5058 1114 5136 templum
1141 5057 1382 5134 antiquissimum
1407 5057 1525 5135 magnis
1547 5062 1577 5114 et
1597 5053 1683 5112 uobi-

351 5165 430 5224 libus
458 5163 564 5222 litteris
591 5157 794 5241 epigramma’.
837 5161 924 5236 Quae
950 5159 1134 5219 adverbum
1156 5177 1244 5219 versa
1269 5166 1339 5218 sunt
1365 5179 1404 5218 ex
1428 5159 1543 5236 graeca*
1558 5153 1683 5232 cyriaci

353 5266 543 5325 adnotatione
565 5275 685 5325 servata
705 5266 737 5322 in
757 5263 915 5326 Strabonis
936 5262 1037 5322 codice
1059 5261 1194 5320 Medicco
1216 5261 1290 5337 plut.
1306 5259 1451 5318 XXVIII
1459 5303 1467 5333 ‚
1484 5261 1517 5319 3:
1540 5250 1684 5342 Κυριακὲς
