3580 5938
485 549 641 610 Qvnusr.
662 549 880 601 ononnuou.
901 551 925 600 1.
1319 532 1366 602 43

283 723 347 780 Alii
361 721 497 782 Norbani
520 733 674 801 praeterea
689 723 838 783 Amiterni
860 724 898 800 (I.
914 721 954 782 N.
971 723 1062 784 5857.
1079 725 1174 801 5907)
1197 735 1226 784 et
1247 727 1278 783 in
1300 743 1368 802 pro·

284 826 403 898 vinciis,
425 827 603 902 praesertim
625 828 656 884 in
677 826 837 902 Hispania,
860 827 1056 903 reperiuntur.

325 927 431 988 Norba
444 928 627 988 Volscorum
653 928 797 1005 oppidum
820 935 971 988 vetustum
998 936 1101 989 notum
1124 937 1179 988 est.
1223 931 1259 988 In
1280 929 1369 989 Lusi-

284 1031 366 1090 tania
393 1032 465 1090 urbs
493 1041 558 1090 erat
586 1032 787 1111 cognominis,
818 1041 925 1109 postea
951 1031 1070 1091 colonia
1098 1029 1264 1092 Caesarina
1290 1032 1371 1092 dicta

286 1133 335 1208 (0.
354 1135 378 1192 Ι.
400 1133 482 1192 1..11
503 1155 532 1212 p.
549 1133 667 1211 81ss.);
691 1133 828 1193 videlicet
849 1133 984 1193 homines
1000 1133 1105 1195 Volsci
1127 1155 1166 1194 ex
1186 1134 1292 1194 Norba
1312 1137 1370 1196 Ita·

286 1237 345 1294 liae
372 1235 490 1296 oriundi
518 1255 597 1295 novo
626 1237 737 1314 oppido
764 1255 872 1295 nomen
897 1238 1027 1296 fortasse
1052 1237 1225 1297 indiderunt
1245 1240 1370 1315 patriae.

285 1339 370 1398 Idem
391 1339 520 1399 fortasse
542 1339 732 1399 statuendum
755 1340 791 1399 de
814 1339 921 1416 Aequo
940 1339 1108 1400 Dalmatiae
1132 1341 1231 1419 Apulo
1248 1340 1370 1400 Daciae.

286 1442 321 1499 In
348 1442 443 1502 titulis
472 1441 593 1502 Norbae
621 1440 799 1501 Lusitaniae
827 1431 962 1501 Norbani
996 1444 1070 1502 satis
1102 1444 1272 1520 frequentes
1302 1453 1373 1502 sunt

288 1542 336 1620 (C.
354 1544 376 1602 1.
393 1543 428 1603 1..
451 1545 482 1603 II
498 1544 567 1604 695.
585 1545 654 1603 711.
672 1542 741 1602 712.
759 1544 844 1620 713),
866 1547 937 1604 item
959 1545 1111 1606 Emeritos
1133 1546 1178 1623 (ΙΙ
1193 1547 1268 1622 508)
1290 1555 1320 1605 et
1341 1548 1372 1606 in

289 1646 358 1705 aliis
381 1647 500 1724 oppidis
521 1646 690 1725 Hispaniae
712 1646 961 1724 (11118*.149*.
980 1648 1069 1707 1005.
1087 1648 1177 1708 3238.
1193 1647 1297 1724 5068).

291 1747 333 1808 Μ.
356 1749 496 1808 Nouanus
518 1749 562 1808 M.
583 1753 611 1826 s.
634 1750 795 1809 Marcellus
821 1749 981 1826 libertique
1009 1752 1074 1810 eius
1101 1750 1160 1809 duo
1183 1751 1320 1829 Princeps
1344 1758 1374 1810 et

375 1851 483 1912 ductus
505 1853 638 1911 Mutinae
661 1849 815 1912 Cavedoni
835 1857 940 1910 narmi
960 1853 1109 1911 Modoneei
1129 1873 1158 1931 p.
1175 1851 1245 1925 200,
1262 1852 1310 1912 21.

289 1952 362 2013 Fori
384 1955 455 2014 novi
476 1955 508 2012 in
531 1952 652 2014 Sabinis
675 1954 793 2014 Plinius
816 1955 950 2013 meminit
972 1955 1009 2031 (3
1032 1954 1159 2032 §107)‚
1183 1953 1281 2015 Castri
1303 1958 1373 2016 novi

288 2058 318 2114 in
340 2055 452 2115 Piceno
473 2057 551 2116 idem
574 2057 604 2131 (3
628 2056 752 2136 6110),
774 2055 866 2116 Nova
886 2057 1022 2134 Augusta
1043 2057 1209 2134 Hispaniae
1231 2059 1372 2136 oppidum

288 2168 361 2230 erat,
383 2160 469 2218 cuius
492 2159 568 2218 situs
590 2159 754 2237 ignoratur,
776 2158 882 2218 Norae
903 2159 1034 2219 Moesiae
1055 2160 1153 2233 locus3
1176 2159 1321 2220 Noranae
1343 2161 1375 2220 in

288 2260 400 2320 Piceno
416 2260 493 2320 idem
508 2261 625 2320 Plinius
641 2261 673 2337 (3
691 2261 707 2338 §
722 2261 795 2338 111)
810 2263 990 2321 mentionem
1005 2263 1078 2322 iecit
1092 2263 1239 2339 simulque
1254 2261 1374 2322 Novani

288 2363 372 2422 fluvii
395 2367 426 2422 in
447 2383 517 2440 apro
539 2364 665 2424 Pitinate
686 2375 766 2424 nane
788 2365 977 2441 Apenninum.

297 2465 397 2526 Orana
411 2466 534 2525 Hitlara
550 2466 622 2544 (sic)
643 2466 759 2526 Romae
779 2467 810 2525 iu
832 2467 905 2524 villa
919 2465 1063 2526 Pelucchi
1085 2467 1193 2528 Marini
1212 2467 1286 2526 Arv.
1303 2467 1372 2527 505.

371 2568 495 2629 Titulus
518 2569 722 2629 videturesse
745 2569 859 2628 saeculi
879 2569 942 2628 lere
964 2568 1086 2629 secundi
1109 2570 1254 2629 exeuntis.

289 2670 374 2745 Quae
396 2671 426 2731 in
449 2674 606 2730 Ausonum
629 2671 744 2732 Aurelii
763 2671 973 2731 Auruncorum
988 2672 1172 2732 Aurinorum
1194 2672 1375 2749 (Tuscorum

289 2774 452 2834 secundnm
474 2773 604 2834 Plinium
626 2777 643 2834 3
667 2772 753 2851 652)
774 2774 900 2834 Ausculi
923 2775 1093 2834 nominibus
1114 2777 1194 2834 inest
1214 2775 1302 2834 radix
1323 2794 1375 2835 aue

290 2879 355 2937 sive
381 2895 446 2950 aur,
479 2877 589 2936 rustice
616 2896 657 2951 or,
686 2877 735 2935 hic
757 2877 884 2937 sortasse
910 2877 1022 2936 subest.
1071 2877 1170 2936 Etiam
1197 2877 1274 2938 Uria
1301 2875 1377 2938 Oria

293 2978 460 3041 Samnitum
488 2979 617 3039 fortasse
644 2980 844 3057 comparanda
872 2979 923 3055 (cf.
953 2980 1132 3040 Mommseni
1159 2981 1228 3039 dial.
1257 2980 1296 3040 It.
1322 2981 1375 3040 inl.

292 3105 321 3160 p.
337 3083 387 3142 47.
404 3082 473 3141 201.
491 3082 575 3158 307).
1229 3155 1233 3162 ,

104 3171 252 3242 'Ossnmnvs
296 3185 325 3244 Τ.
344 3185 505 3245 Ouanianue
520 3184 558 3243 L.
574 3186 594 3244 t.
611 3183 731 3244 Licinus
752 3184 915 3244 Praeneste
938 3183 972 3244 C.
989 3185 1013 3243 Ι.
1029 3182 1065 3243 L.
1082 3184 1097 3243 I
1114 3183 1192 3244 1120
1215 3186 1294 3244 iuter
1314 3203 1376 3244 ma-

376 3289 489 3365 gistros
512 3287 658 3347 cisiarios.
702 3285 807 3346 Lectio
829 3305 888 3346 non
910 3287 985 3346 satis
1007 3295 1096 3346 certa.

294 3390 388 3467 Origo
410 3390 540 3448 nominis
562 3391 689 3449 fortasse
712 3391 917 3468 componenda
937 3409 1004 3449 cum
1026 3389 1242 3468 praecedentis.

104 3478 222 3548 Plutum
297 3491 360 3552 sa.
376 3491 525 3552 Parianus
542 3490 666 3552 Serenus
687 3492 906 3553 aedilis-Nolae
929 3511 955 3549 a.
971 3511 1000 3568 p.
1017 3489 1051 3552 0.
1068 3492 1104 3550 31
1130 3493 1155 3551 1.
1171 3491 1210 3550 N.
1229 3491 1318 3563 1068,
1334 3511 1355 3550 a.

295 3595 400 3654 Parius
421 3594 531 3672 gentile
547 3595 692 3654 interdum
708 3596 868 3672 reperitur3
890 3594 1066 3655 Parentium
1080 3594 1216 3654 Histriae
1231 3594 1283 3652 vix
1299 3613 1376 3653 corn·

294 3697 469 3774 paraverim.

105 3783 281 3857 Placentinis
298 3801 327 3861 C.
349 3800 551 3859 Pauacutaauc
573 3801 667 3876 Rasna
689 3808 775 3877 pater

298 3903 327 3963 C.
350 3902 553 3962 Pausculanua
579 3904 608 3962 C.
624 3905 651 3978 s.
671 3902 823 3979 Quir(ina)
845 3903 993 3961 Maximus
1014 3903 1096 3962 filius
1118 3902 1224 3962 aedilis
1246 3903 1378 3962 Peltuini

377 4005 402 4064 1.
418 4003 458 4063 n.
477 4005 567 4063 toas.
1054 3987 1058 3994 '

296 4109 364 4168 Nisi
387 4108 505 4166 codices
528 4109 729 4166 consentirent
742 4107 891 4167 Pausulae
906 4108 1010 4166 Piceni
1032 4107 1210 4184 (Pausutnni
1225 4107 1342 4166 Plinius
1360 4109 1377 4166 3

296 4211 380 4288 §113
402 4209 590 4268 Puusulcnsia
605 4229 676 4286 aper
692 4210 768 4269 liber
780 4210 963 4270 coloniarum
986 4231 1015 4288 p.
1033 4209 1103 4282 226,
1122 4211 1169 4268 ll.
1186 4208 1255 4282 257,
1274 4209 1322 4280 13,
1341 4209 1377 4268 15

295 4313 434 4382 Lachm.;
449 4311 596 4371 Pausulae
611 4312 714 4382 tabula
725 4312 911 4390 Peutingeri3
927 4312 1045 4372 Pausaa
1057 4312 1218 4372 Ravennae
1233 4330 1262 4388 p.
1276 4310 1346 4384 259,
1360 4313 1378 4370 5

296 4424 324 4476 et
344 4415 491 4474 Pausulae
517 4413 639 4489 ρ.326,
658 4415 713 4492 14)
741 4415 906 4476 Pausculas
932 4415 1026 4476 luisse
1052 4416 1110 4474 erit
1134 4416 1186 4490 qui
1208 4413 1378 4473 crediderit.

297 4517 356 4578 Sed
383 4526 502 4594 praeter
528 4515 678 4577 Pausulae
705 4518 794 4577 etiam
820 4518 974 4578 Pauscula
999 4517 1184 4577 Pausculum
1210 4516 1380 4575 Pausculae

298 4639 364 4681 esse
387 4630 555 4696 potuerunt.

297 4723 436 4783 Petisnna
466 4722 635 4782 (laminiana
662 4722 791 4800 Neapoli
822 4723 846 4780 I.
874 4723 913 4782 N.
943 4723 1024 4783 3460
1051 4722 1189 4782 lectionis
1218 4741 1277 4782 nou
1305 4721 1379 4781 satis

380 4833 488 4886 certae.

299 4927 432 5005 Originis
453 4927 583 4987 fortusse
606 4928 737 4987 eiusdem
759 4927 876 4987 Petelia
891 4927 1075 4986 Bruttiorum
1099 4926 1252 5004 oppidum,
1274 4903 1380 4986 deinde

299 5029 462 5107 gentilicia,
490 5047 568 5106 qnae
595 5048 663 5087 raro
689 5030 887 5108 reperiuntur,
915 5029 1014 5088 Petiua
1040 5029 1149 5088 Pettius
1170 5028 1281 5100 Bitiae,
1309 5031 1380 5089 item

299 5133 411 5192 Peticus
426 5151 592 5210 cognomen
607 5131 818 5208 Sulpiciorum,
840 5132 989 5192 Peticeaus
1010 5131 1173 5208 (Amiterni
1188 5131 1213 5190 I.
1228 5129 1268 5190 N.
1284 5131 1380 5208 5041)

301 5234 456 5294 Pctioisnus
479 5234 630 5310 (Peltuini
651 5234 677 5292 I.
693 5233 731 5293 N.
750 5233 845 5311 6073)
867 5234 1026 5296 Pctiacdc'uc
1048 5233 1256 5318 (Interamnae
1277 5233 1382 5294 Piceni
