3532 5938
96 547 202 598 aer-tce
463 541 535 595 von
554 543 578 593 1.
613 541 1015 604 surrovmssnranvu.
1335 527 1409 598 205

98 730 146 792 est,
167 737 241 778 unus
263 728 400 778 remanet
410 736 517 778 censor
538 718 573 776 L.
590 718 737 777 Metellus
755 736 782 776 a.
808 716 866 776 639
888 718 935 777 cui
958 719 1031 776 haec
1051 718 1160 778 locatio
1182 720 1361 780 attribuatur
1373 721 1411 798 1).

94 825 204 884 Videtur
224 822 346 898 quidem
369 821 437 880 huic
458 821 577 880 obstare
599 839 779 898 praenomen
795 829 967 898 paternum;
990 826 1111 880 namin
1133 823 1243 882 tabulis
1265 823 1410 882 censoriis

93 947 161 1006 quae
174 927 259 986 hodie
275 935 463 1001 usurpantur
478 925 522 983 sic
543 924 574 982 id
589 924 747 1001 collegium
762 924 959 1001 perscriptum
969 923 1091 1001 legitur:
1119 943 1192 983 cene.
1214 924 1253 983 L.
1270 926 1411 986 Ooecilius

92 1032 126 1090 L.
127 1033 153 1106 s.
162 1029 229 1100 Qa.
242 1029 378 1088 Metellus
392 1027 581 1098 Delmaticae,
599 1026 648 1086 Cn.
666 1027 865 1086 DomitiueCn.
875 1029 904 1101 s.
923 1027 1008 1088 cna
1020 1026 1225 1086 Ahenobarbus
1241 1026 1410 1104 asam

92 1137 127 1192 At
136 1135 211 1211 ipsos
230 1139 369 1190 auctores
385 1132 435 1190 ubi
449 1131 676 1209 perlustramus,
699 1130 809 1206 prioris
826 1131 959 1190 censoris
979 1150 1033 1190 nec
1047 1138 1132 1206 pater
1152 1149 1248 1207 neque
1263 1139 1410 1208 agnomen

91 1253 203 1312 usquam
226 1231 445 1310 enuntiatum).
491 1232 626 1292 Fuerunt
647 1241 745 1291 autem
774 1253 810 1291 eo
831 1244 965 1309 tempore
994 1233 1052 1290 duo
1077 1232 1113 1290 L.
1138 1231 1262 1292 Caecilii
1284 1234 1409 1306 Metelli,

90 1339 156 1398 alter
175 1336 209 1396 1..
235 1336 256 1395 i.
281 1335 319 1411 Q.
342 1356 371 1394 n.
394 1335 582 1395 Delmaticus
605 1354 665 1396 cos.
689 1336 765 1400 635.
793 1337 869 1395 alter
896 1335 933 1411 Q.
956 1335 977 1393 f.
1006 1333 1042 1410 Q.
1067 1355 1095 1393 n.
1124 1333 1321 1395 Diadematus
1346 1355 1408 1396 cos.

91 1441 157 1511 6373
183 1459 237 1498 nec
265 1439 426 1516 quicquam
448 1440 555 1512 obstat,
578 1439 737 1515 quominus
759 1439 838 1497 hunc
859 1439 962 1516 potius
992 1457 1082 1516 quam
1104 1438 1187 1497 illum
1203 1438 1408 1498 existimemus

89 1563 113 1600 a.
128 1541 183 1602 639
198 1560 350 1601 censorem
366 1541 476 1599 iactum
499 1559 576 1600 esse.
621 1540 690 1616 Quo
719 1541 851 1600 admisso
872 1548 953 1600 recte
974 1543 1076 1600 omnia
1098 1541 1254 1617 quadrant.

165 1643 403 1721 orthographica
428 1645 497 1703 huic
524 1644 616 1704 aetati
646 1651 716 1720 apta
741 1651 825 1715 sunt;
858 1662 925 1702 nam
959 1643 1120 1722 geminatio
1148 1643 1305 1716 vocalium,
1332 1662 1409 1720 quae

88 1748 226 1824 reperitur
253 1767 280 1805 v.
306 1747 324 1806 8
351 1746 382 1806 in
403 1746 611 1823 munnim[da]‚
638 1746 708 1804 item
735 1744 864 1804 fortasse
886 1765 914 1803 v.
938 1745 955 1804 6
977 1746 1008 1804 in
1031 1747 1207 1822 cognomine
1229 1747 1408 1823 quaestoris,

87 1852 113 1908 ei
144 1850 189 1908 vel
214 1851 345 1910 maxima
366 1849 488 1930 propria
512 1859 569 1922 est,
602 1867 699 1925 neque
721 1848 758 1908 ab
781 1868 817 1907 ea
838 1849 978 1907 abhorret
998 1849 1142 1927 aspiratio
1168 1849 1199 1906 in
1222 1847 1408 1909 Graecanico

86 1953 255 2032 cognomine
274 1953 428 2031 Pamphilo
450 1970 477 2010 v.
503 1953 531 2012 5.
553 1951 715 2010 Praeterea
735 1951 898 2010 notandum
921 1970 950 2011 r.
974 1951 991 2009 7
1015 1954 1125 2029 aspro
1147 1971 1175 2011 a.

84 2528 149 2589 298
169 2528 315 2588 Luceriae
336 2547 432 2606 nuper
446 2536 564 2605 reperta
585 2529 616 2587 in
635 2529 686 2588 via
700 2545 760 2605 qua
774 2527 898 2603 Trojam
917 2528 978 2586 itur
991 2527 1158 2588 D'Anntts.
1181 2527 1281 2588 Huius
1296 2531 1406 2610 lapidis

83 2633 197 2692 ridendi
220 2649 311 2691 caasa
332 2650 360 2690 a.
386 2631 464 2689 1873
486 2631 646 2690 Luceriam
667 2632 820 2708 profectus
842 2631 903 2689 uidi
925 2649 1003 2704 eum,
1027 2631 1080 2689 sed
1102 2631 1267 2692 coniectum
1288 2635 1319 2694 in
1339 2633 1407 2693 fun·

82 2735 216 2794 (lamenta
236 2734 344 2794 domus
367 2752 443 2810 quae
474 2734 618 2811 angulum
645 2735 717 2793 facit
748 2734 826 2793 inter
858 2735 937 2793 viam
964 2734 1066 2792 Bruno
1097 2741 1127 2791 et
1154 2733 1252 2793 vicum
1282 2736 1406 2813 Perpola

82 2839 188 2915 scripta
210 2844 294 2914 parte
315 2836 427 2896 latente
453 2843 484 2895 et
511 2837 636 2914 sepulta.
680 2838 787 2913 ltaque
813 2836 938 2897 ducibus
968 2836 1183 2912 comitibusque
1215 2837 1290 2897 meis
1311 2839 1406 2898 Luce·

81 2943 147 3000 riuis
168 2959 236 3000 cum
262 2940 293 2998 in
320 2961 353 2999 re
380 2941 529 3016 praesenti
558 2939 788 3016 exprobrassem
818 2939 899 3015 quod
925 2939 1155 3016 pulcherrimum
1182 2953 1406 3000 monumentum

81 3045 186 3103 infelici
213 3061 283 3103 casu
310 3050 414 3102 nostra
435 3050 531 3104 aetate
553 3042 591 3100 ab
613 3042 763 3101 oblivione
789 3059 950 3121 resurgens
972 3050 1032 3101 tam
1054 3043 1179 3102 barbare
1205 3043 1298 3118 proici
1323 3045 1405 3121 passi

79 3155 182 3220 essent,
211 3147 392 3205 erubuerunt
418 3153 448 3205 et
475 3153 638 3206 tacuerunt.
683 3143 763 3205 Sane
788 3164 849 3204 non
876 3147 976 3204 verbis
1001 3145 1184 3222 paenitentia
1217 3145 1254 3202 iis
1287 3147 1405 3223 agenda

81 3261 129 3322 est,
154 3249 210 3308 sed
236 3267 268 3310 re
295 3255 325 3306 et
353 3247 453 3320 factis3
486 3248 567 3324 quod
600 3248 626 3307 si
658 3267 718 3306 non
746 3248 873 3320 iaciunt,
910 3265 965 3306 nos
995 3247 1047 3305 ubi
1075 3247 1171 3306 adhuc
1197 3245 1404 3308 Vandalorum

82 3371 181 3410 nomen
205 3350 340 3410 adhiberi
363 3357 530 3422 consuerat,
543 3327 595 3409 'ibi
616 3349 782 3410 Lucerinos
805 3351 945 3428 deinceps
968 3351 1197 3422 nominabimus,
1219 3351 1330 3428 quippe
1352 3352 1404 3428 qni

80 3455 215 3514 Italorum
231 3472 349 3524 nomen,
372 3470 432 3529 quo
447 3454 554 3512 merito
569 3454 745 3530 gloriantur,
767 3455 847 3530 turpi
863 3453 1071 3530 antiquitatum
1087 3455 1250 3529 patriarum
1267 3453 1405 3513 socordia

80 3558 278 3617 dehonestent

429 3742 459 3784 nu
473 3753 479 3767 ·
494 3739 575 3784 noce
588 3755 595 3768 ·
608 3739 766 3784 tovcanm
780 3755 786 3768 ·
801 3739 931 3783 srracvs

434 3844 474 3886 ns
487 3831 497 3887 l
505 3829 514 3885 l
526 3844 568 3886 rs·
582 3843 739 3885 rvnnarrn
755 3843 869 3886 neve·
882 3842 1023 3884 canavsr

465 3945 644 3990 saorecnnn
658 3960 664 3974 ·
678 3946 756 3988 usus
768 3958 774 3974 ·
786 3945 977 3987 rarsnrnrrn

429 4047 472 4092 ser
486 4064 492 4077 ·
510 4047 583 4104 ers
596 4063 602 4075 ·
616 4046 785 4092 aavonsv·
799 4048 859 4091 nac
871 4064 877 4076 ·
890 4048 979 4090 rnxrr
994 4033 1100 4092 lllrvn

377 4157 389 4194 s
472 4151 543 4208 oyrs
555 4165 562 4179 ·
573 4150 673 4193 votsr
684 4165 689 4177 ·
702 4150 763 4194 sno
778 4150 1007 4196 ·10vnrcaror>·
1022 4151 1058 4193 nr

471 4253 588 4297 annun
600 4268 607 4282 ·
618 4252 742 4297 inisero
755 4269 761 4282 ·
774 4253 874 4297 esron
885 4269 892 4283 ·
902 4253 984 4297 servs

470 4357 535 4400 nnc
546 4341 572 4401 ll
587 4356 759 4399 srsnarvs·
773 4357 875 4401 vocer
889 4372 895 4386 ·
908 4356 1053 4400 notrsas

696 4445 847 4503 lllcsron

82 4613 276 4623 ——u—

146 4781 169 4842 ¹)
190 4783 290 4832 Verum
317 4791 356 4831 est
382 4781 452 4846 apud
479 4781 611 4832 Valerium
630 4779 775 4832 Maximum
796 4783 820 4843 8,
841 4781 866 4842 5,
890 4783 903 4829 1
933 4781 1010 4830 etiam
1036 4781 1110 4830 alteri
1137 4781 1167 4830 L.
1196 4779 1302 4829 Metello
1327 4777 1359 4840 Q.
1379 4780 1398 4830 s.

83 4875 168 4924 consuli
187 4889 212 4925 a
234 4875 288 4925 612
309 4889 442 4924 censuram
462 4873 582 4924 adscribi.
619 4874 673 4926 Sed
692 4889 825 4924 censorum
849 4873 986 4923 laterculus
1011 4887 1058 4938 per
1080 4873 1128 4923 hos
1147 4887 1228 4922 annos
1253 4872 1344 4936 plenus
1362 4877 1401 4922 est

82 4967 213 5032 erravitque
234 4969 290 5017 sine
309 4967 388 5017 dubio
407 4967 449 5016 hic
469 4981 571 5032 qnoque
589 4972 617 5014 ut
636 4965 731 5030 passim
751 4966 779 5016 in
799 4963 892 5016 talibus
910 4965 1039 5017 Valerius.

147 5057 171 5120 ¹)
192 5057 225 5109 L.
250 5057 376 5110 Caecilius
396 5059 424 5120 (l.
444 5058 562 5109 mnium
580 5057 674 5120 codex)
693 5055 824 5108 Metellus:
852 5059 908 5108 Lir.
933 5074 973 5122 op.
993 5059 1035 5107 62.
1059 5053 1092 5105 L.
1116 5053 1255 5107 Caecilius:
1282 5055 1325 5105 lex
1345 5069 1399 5121 egr.

83 5165 103 5196 t.
120 5153 212 5204 ibid.
234 5155 278 5204 88.
297 5149 330 5202 L.
350 5149 480 5202 Metellus:
501 5152 592 5202 Cicero
612 5152 687 5200 Verr.
705 5151 723 5201 l.
746 5153 769 5213 1,
781 5151 824 5214 55,
848 5151 912 5214 143;
932 5165 979 5215 pro
994 5149 1092 5200 cluent.
1103 5149 1147 5212 tt,
1169 5149 1229 5200 119.
1250 5147 1397 5200 cassiodor.

83 5243 111 5290 sd
127 5243 150 5293 h.
169 5259 192 5296 a.
211 5246 336 5296 Valerius
354 5243 486 5295 Maximus
507 5245 532 5307 2,
552 5245 578 5306 9,
599 5245 624 5295 9.
