3540 5940
1320 519 1392 590 357

76 735 174 787 summ,
200 713 229 772 id
252 723 299 772 cet
319 712 410 772 nulla.
454 711 538 771 Idem
560 711 754 789 pervenitad
777 711 942 789 diplomata
963 710 1072 783 omniu,
1104 719 1137 768 ut
1158 712 1304 788 quidquid
1326 734 1394 792 pro-

75 819 141 876 ferat
164 836 219 895 pro
247 815 464 887 emendatione,
498 815 639 873 collatum
666 834 733 872 cum
767 815 938 892 archetypis
965 813 1074 872 falsum
1103 832 1170 872 esse
1196 817 1393 892 reppererim

75 921 123 980 uisi
153 918 231 995 quod
266 919 355 977 etiam
388 918 484 996 magis
516 935 639 993 pessum
673 917 755 976 dedit
784 917 992 984 difficillimum
1022 917 1232 976 documentum
1257 939 1286 976 n.
1302 919 1394 978 XLII

74 1042 97 1098 p.
112 1019 176 1079 884.
219 1020 256 1079 Id
277 1038 333 1099 ego
355 1039 422 1079 cum
445 1021 566 1096 saepius
589 1019 795 1093 examinarim‚
827 1029 859 1078 ut
881 1029 974 1078 totum
998 1019 1210 1096 intellegerem,
1238 1022 1311 1080 mihi
1333 1043 1393 1082 uon

73 1125 219 1195 successit3
252 1123 310 1182 hoc
338 1123 483 1194 intellexi,
517 1141 593 1198 quae
626 1123 666 1180 ibi
698 1123 811 1200 legisse
844 1141 877 1182 se
910 1122 1033 1181 simulat
1054 1121 1264 1198 Desjardinius
1297 1124 1393 1200 (notre

74 1239 220 1304 estuapupa
241 1224 373 1301 dunaal),
403 1245 439 1284 ea
460 1225 490 1282 in
513 1227 581 1301 ipso
604 1243 673 1286 aere
695 1244 755 1283 uon
778 1225 868 1284 cerni.
914 1223 972 1286 Sed
995 1224 1031 1284 de
1053 1225 1109 1282 hoc
1131 1225 1293 1302 diplomate
1314 1228 1394 1287 infra

73 1331 157 1388 denuo
183 1328 292 1387 dicam.

106 1431 366 1509 Interpretationes
382 1429 631 1506 Desjardiniunas
646 1431 823 1507 plerumque
844 1430 963 1489 silentio
985 1431 1147 1502 transmisi,
1170 1449 1234 1490 cum
1256 1433 1316 1492 sint
1330 1434 1391 1493 fere

72 1549 115 1594 aut
135 1535 273 1612 vulgares
296 1545 348 1592 aut
369 1532 474 1592 falsae.
519 1532 598 1594 Sane
620 1551 687 1591 cum
709 1532 838 1605 homine,
862 1534 912 1609 qui
935 1533 1157 1610 inscriptionem
1173 1535 1391 1594 Bovianensem

72 1657 103 1696 ex
122 1656 244 1714 corpore
268 1637 492 1713 inscriptionum
508 1635 776 1713 Neapolitanorum
799 1653 827 1692 n.
847 1627 926 1694 4985
946 1645 1084 1713 repetens
1105 1636 1148 1712 (p.
1167 1637 1240 1713 126)
1263 1657 1391 1716 appara-

72 1751 123 1798 tum
148 1758 248 1798 meum
277 1739 368 1798 solito
394 1757 477 1799 more
505 1757 590 1797 suurn
618 1739 732 1797 faciens
760 1742 804 1796 sic
832 1756 899 1794 cum
927 1739 1072 1815 corrupit:
1107 1739 1159 1798 elle
1186 1761 1206 1798 a
1226 1742 1269 1798 e'te'
1293 1761 1391 1800 encore

68 1843 166 1920 publie'a
188 1861 264 1920 por:
301 1841 368 1900 Cod.
395 1840 595 1917 Woelacapplc
613 1843 642 1916 s.
667 1841 721 1910 743
749 1848 775 1898 et
805 1837 927 1898 Galanti
947 1842 973 1912 1,
994 1841 1043 1913 29,
1070 1850 1100 1900 et
1127 1861 1165 1900 ne
1193 1843 1249 1900 hoc
1271 1843 1391 1920 quidem

70 1945 204 2023 intellegit
226 1944 324 2003 tribus
346 1943 454 2002 litteris
477 1961 536 2000 non
558 1961 738 2019 praenomen
766 1943 896 2002 hominis
918 1942 1054 2014 indicari,
1081 1944 1133 2002 sed
1160 1945 1291 2004 codicem
1314 1947 1390 2023 peri·

71 2050 101 2106 tis
127 2047 212 2107 bodie
239 2059 407 2122 pernotum,
429 2046 460 2104 in
482 2046 571 2104 rebus
594 2045 795 2122 epigraphicis
818 2064 877 2103 non
901 2052 961 2102 tam
984 2063 1088 2104 severe
1109 2049 1257 2124 agendum
1279 2061 1334 2121 est,
1358 2059 1391 2108 ut
1467 2115 1470 2121 ,

69 2151 130 2226 quid
151 2157 310 2226 praeterea
331 2148 426 2208 adhuc
442 2167 501 2206 non
523 2147 669 2218 didicerit,
692 2147 896 2224 expendamus
919 2157 948 2205 et
970 2166 1167 2225 exponamus.
1212 2151 1340 2210 Meliora
1361 2162 1391 2211 ct

69 2253 199 2326 doctiora,
221 2272 300 2330 quae
322 2271 341 2310 a
362 2251 491 2310 Reniero
514 2251 649 2325 arripuit,
672 2254 734 2309 suis
756 2250 831 2309 locis
854 2251 1062 2310 indicavimus.

341 2411 345 2420 ’
456 2431 712 2495 acvurnovn
735 2437 778 2514 (p.
794 2437 864 2495 rao.
890 2437 993 2514 1041).

69 2595 126 2656 575
147 2597 183 2656 ad
207 2617 237 2654 n.
256 2593 347 2655 3252.
391 2593 568 2669 Desjardins
593 2593 641 2653 29.
685 2593 787 2652 Titulo
815 2594 913 2653 denuo
940 2595 1110 2654 examinato
1139 2597 1210 2655 mibi
1234 2598 1390 2658 constabat

101 2717 162 2757 esse
178 2700 209 2756 in
224 2699 286 2756 line
301 2713 435 2756 aventer
449 2727 455 2741 ·
468 2711 536 2771 xxo
554 2698 567 2773 tl
585 2711 660 2774 ossa
683 2697 838 2755 elementis
855 2697 971 2756 duobus
996 2713 1018 2756 o
1034 2705 1063 2756 et
1078 2713 1093 2756 s
1108 2701 1281 2775 expunctia3
1305 2701 1387 2760 dedit

99 2802 184 2879 igitur
206 2801 421 2877 quadratarius
444 2817 459 2858 r
476 2817 537 2858 ·xn
555 2797 559 2880 l
577 2815 600 2858 0
616 2815 658 2860 ss.
703 2798 740 2857 V.
756 2809 834 2858 extr.
851 2810 919 2859 ante
936 2815 958 2859 0
973 2809 1003 2860 et
1018 2810 1089 2878 post
1103 2817 1118 2858 ε
1134 2820 1266 2861 marmor
1282 2812 1376 2863 vacat.

67 2941 206 2949 u—

66 3011 127 3071 576
147 3013 184 3070 ad
207 3031 238 3070 n.
259 3011 349 3072 3255.
393 3011 572 3086 Desjardins
588 3031 618 3069 n:
634 3011 669 3070 91
689 3011 738 3069 hic
752 3011 972 3087 deprehendere
994 3013 1051 3071 sibi
1067 3013 1150 3071 visus
1174 3020 1218 3072 est
1240 3015 1386 3076 coloniam

100 3115 196 3174 nescio
223 3133 318 3192 quam
343 3110 477 3174 ‘Petram
509 3114 547 3172 ad
580 3108 755 3191 planitiem',
787 3123 954 3172 monstrum
985 3114 1034 3173 vel
1061 3135 1080 3174 a
1107 3117 1255 3175 sermonis
1286 3119 1386 3177 Latini

100 3217 315 3277 consuetudine
337 3218 511 3276 abhorrens.
555 3216 686 3276 Omnino
700 3235 803 3274 verum
819 3217 960 3294 estquod
976 3217 1043 3275 dedi
1058 3236 1114 3296 ego
1135 3234 1229 3277 erran
1243 3219 1306 3294 (vel
1328 3221 1387 3280 ior-

98 3351 170 3396 tasse
193 3337 238 3414 ro)
265 3353 349 3396 navo.
393 3337 466 3415 lpsa
494 3339 659 3414 scripturae
689 3337 830 3410 artificia,
858 3347 891 3395 ut
917 3331 1082 3396 efficiantur
1109 3339 1227 3398 litterae
1246 3302 1385 3398 ferri}

98 3423 223 3518 curnem
246 3459 425 3537 praesertim
446 3459 478 3517 in
499 3457 600 3535 lapide
619 3459 657 3516 ab
677 3458 824 3516 eiusmodi
849 3459 1122 3534 contignationibus
1144 3460 1275 3520 insolitis
1297 3461 1386 3538 plane

99 3561 192 3620 alieno
214 3561 381 3620 ostendunt
402 3561 475 3622 haec
498 3561 615 3619 somnia
636 3578 704 3618 esse
726 3561 855 3619 hominis
879 3562 910 3619 in
933 3560 1063 3622 tenebris
1085 3563 1288 3623 caecutientis.

406 3867 749 3930 TEVTOBVRGIVM
771 3869 815 3947 (p.
833 3869 902 3929 423.
929 3871 1033 3946 1041).

64 4024 123 4087 5ἵῖ
145 4029 183 4087 ad
206 4049 235 4088 n.
255 4027 347 4088 6450.
391 4027 448 4088 itit
469 4028 630 4105 descripsit
652 4029 707 4087 sic:

674 4181 768 4225 DEO

634 4286 807 4328 SANCTo

634 4387 805 4430 stcvtl

634 4490 806 4533 T·Fl.·lAC¹¹

577 4597 589 4636 5
632 4593 805 4636 ΑΝἺΒἭΈ.

631 4694 804 4738 COlllllIS

633 4799 701 4839 ΡΑΝ
731 4797 819 4854 EQQ

632 4901 715 4942 TRlB
731 4900 804 4942 cort

633 5003 656 5044 lt
678 5005 705 5044 Ν
733 5003 805 5045 DAC

564 5109 590 5148 10
632 5105 821 5161 rer-(nsQQ

633 5207 805 5251 v·S·l.·M
