3580 5938
187 2205 270 2316 Dll
308 2205 527 2318 murts
564 2207 894 2320 rutilavit
930 2206 1316 2320 LATINARVM.

675 2551 828 2560 ...μ-..-

102 2777 277 2919 Feriarum
300 2860 460 2918 latinarum
483 2861 552 2917 lasti
574 2859 668 2935 lapidi
690 2859 778 2918 inuisi
799 2860 861 2940 eruti
877 2861 974 2937 coepti
990 2869 1060 2919 sunt
1074 2878 1152 2918 anno
1170 2859 1249 2918 1570
1265 2879 1281 2916 e
1297 2877 1413 2918 summo

102 2962 195 3020 tertiae
216 2971 327 3022 montis
350 2962 460 3022 albani.
494 2962 567 3020 Inde
590 2961 716 3019 Fulvius
738 2960 868 3021 Ursinus
890 2963 995 3021 habuit
1015 2963 1214 3039 fragmentum
1236 2963 1299 3019 eius
1321 2962 1414 3019 fasto-

100 3081 154 3120 rum
173 3065 341 3137 columnae,
367 3084 428 3141 qua
448 3064 519 3122 anni
543 3062 706 3120 tut-‘nau
729 3077 813 3122 erant
834 3064 990 3139 descripti:
1018 3066 1104 3141 isque
1126 3065 1203 3142 lapis
1226 3064 1313 3122 etiarn
1336 3082 1415 3122 nune

102 3175 223 3242 superest
236 3167 402 3226 translatus
417 3168 448 3224 in
463 3184 599 3224 museum
615 3166 835 3242 neapolitanum
859 3164 908 3242 (O.
923 3167 948 3223 Ι.
961 3165 996 3224 L.
1014 3167 1028 3223 I
1050 3186 1080 3242 p.
1095 3166 1166 3239 472,
1181 3165 1274 3225 VIII:
1297 3165 1333 3223 ol.
1350 3166 1414 3222 Ma-

102 3267 157 3338 rini,
178 3269 247 3328 Are.
267 3290 297 3348 p.
317 3269 487 3344 139,140).
529 3266 636 3346 Longo
659 3268 785 3326 duorum
808 3267 993 3328 saeculorum
1015 3269 1184 3338 intervallo,
1207 3287 1286 3326 anno
1309 3287 1415 3352 nenrpe

104 3369 183 3444 1765,
209 3391 276 3430 oum
297 3371 427 3453 vestigia
455 3371 537 3430 aedis
558 3371 642 3428 Iovis
670 3370 786 3428 latiaris
817 3388 894 3428 novo
921 3371 1086 3429 extruendo
1109 3370 1243 3428 aedificio
1265 3369 1414 3428 disturba·

102 3480 199 3545 rentur,
220 3475 280 3532 alia
300 3482 442 3550 quattuor
457 3472 662 3532 columnarum
684 3473 851 3550 fragmenta
872 3473 1012 3532 inlunem
1028 3473 1150 3531 rediere.
1189 3471 1324 3546 Quorum
1347 3491 1413 3549 par·

103 3583 150 3631 tem
170 3577 299 3651 pessimo
322 3594 395 3634 usus
416 3575 583 3650 exemplari
604 3576 732 3652 primum
756 3575 848 3633 edidit
869 3574 1029 3634 Oderieius
1059 3575 1142 3652 (syll.
1165 3575 1253 3633 inser.
1277 3595 1306 3652 p.
1323 3573 1412 3649 231);

102 3674 166 3734 idem
191 3677 296 3737 iterum
325 3678 472 3737 recensuit
499 3679 529 3734 in
549 3671 738 3735 ‘Latinarum
766 3677 862 3736 fastos
885 3671 1016 3760 δευτέρας
1037 3669 1198 3760 ‹ppovu'dac'
1220 3695 1413 3752 componens,

102 3795 165 3852 quas
194 3781 318 3840 ineditas
346 3787 447 3840 servat
472 3781 567 3838 codex
595 3789 655 3838 vat.
678 3779 757 3837 9127
782 3799 810 3856 p.
828 3781 867 3838 30
890 3797 956 3856 sqq.
1009 3777 1161 3855 Quidquid
1189 3779 1354 3837 litterarum
1383 3779 1414 3836 in

103 3890 228 3954 quattuor
253 3884 314 3942 illis
344 3883 492 3942 columnis
521 3892 677 3957 supererat
697 3902 713 3940 e
734 3881 884 3958 lapidibus
910 3882 941 3938 in
962 3883 1132 3940 vaticanum
1155 3899 1288 3940 museum
1311 3881 1413 3939 inlatis

103 4001 205 4043 summo
233 3988 331 4046 studio
357 3984 509 4062 expressit
534 3993 564 4043 et
591 3984 757 4061 publicavit
780 3983 926 4042 Marinius
954 3982 1039 4058 (Aru.
1062 4000 1092 4059 p.
1112 3981 1194 4058 129).
1242 3980 1413 4041 Nonnullae
1475 4008 1483 4017 ·

103 4091 204 4158 tamen,
231 4107 341 4164 easque
367 4088 492 4146 maximi
520 4069 675 4159 momenti,
702 4087 819 4144 litteras
841 4086 969 4144 Marinio
996 4085 1076 4144 haud
1098 4086 1179 4144 visas
1206 4085 1236 4142 in
1258 4085 1413 4142 Amadutii

103 4187 207 4247 schedis
229 4191 489 4250 sabinianeusibus
512 4201 592 4247 reete
614 4207 682 4247 esse
704 4188 868 4265 descriptas
891 4187 1074 4264 Borghesius
1097 4188 1200 4245 docuit
1227 4184 1311 4262 (opp.
1325 4185 1413 4257 VIII,

104 4287 164 4364 tt);
190 4310 279 4368 quare
305 4292 423 4369 lapides
450 4291 519 4350 illos
547 4300 704 4367 antequam
733 4291 801 4349 loco
824 4299 1014 4348 moverentur
1041 4301 1071 4347 et
1097 4289 1186 4347 aliam
1213 4307 1302 4364 super
1324 4288 1413 4346 aliam

103 4389 252 4454 litterarum
274 4397 419 4454 iacturam
440 4395 572 4452 facerent
587 4393 766 4452 Amadutius
782 4393 900 4450 videtur
921 4393 1099 4468 inspexisse.
1133 4391 1189 4449 His
1205 4389 1294 4448 modo
1314 4410 1413 4448 exem·

105 4492 222 4568 pleribus
242 4507 398 4558 contentos
421 4515 474 4556 nos
497 4515 564 4556 esse
585 4503 711 4574 oportet.
747 4494 831 4552 Haeo
853 4496 930 4553 enim
952 4494 1097 4552 fastorum
1119 4494 1287 4571 fragmenta
1306 4493 1337 4550 in
1353 4491 1413 4550 Va-

104 4597 190 4656 ticano
217 4601 350 4679 nuspiam
379 4611 565 4676 comparent3
594 4616 688 4675 eaque
710 4596 859 4674 quomodo
887 4596 1030 4672 perierint
1057 4615 1150 4672 nuper
1172 4595 1329 4653 didicimus
1357 4594 1414 4652 hac

104 4697 212 4778 losephi
238 4702 407 4762 Melchiorri
435 4702 473 4759 ad
499 4701 656 4779 Borghesii
686 4700 831 4776 epistulas
856 4698 1060 4757 adnotatione:
1088 4692 1206 4772 ‘surano
1233 4701 1325 4772 repeti
1350 4699 1414 4771 quel

105 4807 181 4860 narn
200 4805 230 4860 di
247 4825 353 4863 mortno
381 4805 515 4862 err'dotti
535 4823 554 4860 a
577 4803 682 4874 lustro,
710 4821 724 4859 e
745 4811 840 4878 queste
867 4803 906 4860 da
933 4821 988 4858 uno
1016 4801 1061 4858 dei
1087 4801 1216 4858 direttori
1241 4799 1360 4857 scaltori
1382 4800 1414 4855 di

105 4903 160 4974 quel
183 4925 270 4966 museo
298 4911 447 4982 impiepate
474 4925 529 4981 per
554 4925 605 4964 aso
633 4907 664 4963 di
690 4899 863 4980 pavimento’
892 4903 926 4978 (l.
945 4902 995 4979 u).
1040 4901 1125 4976 Quos
1152 4919 1247 4959 annos
1275 4900 1413 4959 eonsules

106 5005 210 5065 suffecti
231 5019 365 5084 quattuor
386 5008 434 5066 his
456 5008 600 5066 columnis
621 5007 758 5083 inseripti
780 5005 948 5081 designent,
970 5004 1103 5064 Odorieii
1124 5011 1154 5061 et
1167 5003 1289 5062 Marinii
1312 5003 1413 5076 dispu-

106 5108 204 5168 tatione
226 5112 411 5170 obseuratum
433 5110 528 5186 magis
551 5117 598 5168 est
618 5127 708 5185 quam
732 5107 936 5167 inlustratum:
960 5126 1037 5166 nuno
1058 5106 1175 5164 demum
1199 5114 1317 5164 constat
1338 5102 1412 5162 illud

106 5208 290 5272 columnarum
312 5233 377 5291 par,
399 5213 479 5289 quod
500 5211 622 5270 eandem
647 5211 731 5268 unius
754 5210 863 5286 lapidis
880 5210 986 5268 faeiem
1004 5216 1138 5286 occupat,
1161 5227 1255 5267 annos
1271 5207 1412 5267 exhibere
