3580 5938
380 527 425 598 18
880 541 881 546 ’
969 547 1108 599 naman

458 720 524 779 Iam
546 739 623 797 quae
645 723 811 795 sequuntur
826 699 1050 779 tritissimarum
1065 723 1095 779 in
1112 721 1207 780 titulis
1223 719 1393 780 honorariis
1408 720 1604 779 formularum
1621 738 1706 778 usum

375 822 520 881 excedere
542 812 602 881 non
625 823 776 892 videntum
798 829 897 881 tamen
920 841 979 881 non
1002 823 1104 881 omnia
1125 821 1275 899 expedivi.
1308 812 1452 898 μεγάλαις
1466 813 1578 906 ἇρχεεεε
1596 830 1705 880 certum

376 933 436 996 est;
463 925 516 983 sed
543 927 776 982 ΚΑΙΤΑΞΙΑΕΙΣ
804 924 876 1000 quid
904 924 944 983 sit
971 926 1082 984 nescio.
1126 915 1270 984 Ἐκδικεάς
1294 923 1425 983 officium
1450 958 1487 968 —
1511 923 1705 999 nequeenim

375 1036 423 1084 est
448 1045 555 1085 munus
584 1061 621 1070 -
649 1026 826 1085 creberrime
849 1033 1044 1086 memoratum
1065 1026 1294 1086 liberalissimus
1315 1028 1444 1103 quisque
1466 1036 1497 1085 et
1517 1025 1705 1102 opulentissi-

375 1145 442 1187 rnus
464 1129 572 1187 civium
596 1129 723 1187 subibat.
757 1126 912 1186 Ciceronis
933 1138 981 1187 est
1001 1128 1131 1205 epistola
1152 1129 1190 1188 ad
1205 1128 1367 1188 Thermum
1391 1129 1444 1205 (ad
1458 1128 1530 1186 fam.
1545 1126 1627 1186 XIII
1642 1111 1707 1202 565

374 1231 406 1288 in
427 1249 488 1307 qua
509 1231 596 1289 haec:
618 1227 757 1308 ‘Mylasis
781 1242 810 1289 et
829 1230 997 1290 Alabandis
1018 1231 1176 1309 pecuniam
1200 1229 1306 1291 Cluvio
1329 1231 1447 1290 debent.
1483 1230 1615 1289 Dixerat
1634 1229 1707 1288 mihi

374 1332 584 1409 Euthydemus
613 1351 680 1390 cum
706 1331 820 1408 Ephesi
848 1350 962 1406 essem,
979 1351 1024 1390 se
1051 1343 1222 1392 curaturum
1251 1342 1284 1393 ut
1311 1333 1403 1392 ecdici
1429 1331 1552 1410 Mylasii
1580 1331 1706 1390 Romam

373 1434 568 1494 mitterentur.
616 1435 653 1492 Id
681 1433 792 1493 factum
820 1453 881 1494 nou
910 1443 966 1494 est.
1014 1433 1146 1514 Legatos
1175 1434 1265 1495 audio
1293 1437 1405 1496 missos
1433 1452 1516 1506 essc;
1545 1434 1598 1492 sed
1626 1433 1706 1492 malo

373 1536 503 1610 ecdicos,
526 1546 558 1594 ut
579 1536 694 1613 aliquid
715 1537 820 1596 confici
842 1538 951 1615 possit.
991 1535 1093 1612 Quare
1114 1547 1185 1618 peto
1207 1547 1285 1608 ate,
1308 1544 1392 1596 utet
1413 1555 1466 1597 eos
1487 1546 1518 1595 et
1538 1537 1708 1596 Alabandis

372 1639 476 1698 iubeas
498 1639 614 1699 ecdicos
628 1639 756 1698 Romam
777 1633 913 1698 mittere?
949 1638 1037 1699 Unde
1060 1641 1150 1699 simul
1171 1639 1355 1718 intellegitur
1376 1639 1448 1716 quid
1469 1637 1610 1699 differant
1630 1640 1708 1698 inter

374 1759 408 1800 se
433 1742 527 1800 ecdici
553 1750 583 1800 et
610 1741 709 1820 legati.
752 1739 838 1800 Nihil
865 1750 963 1801 autem
978 1743 1176 1819 frequentius
1198 1743 1230 1800 in
1250 1742 1347 1801 titulis
1370 1751 1430 1814 est,
1457 1760 1547 1819 quam
1570 1741 1706 1800 homines

373 1843 465 1902 ecdici
493 1843 647 1920 eidemque
670 1843 759 1920 legati
766 1865 774 1915 ;
803 1852 928 1920 utraque
950 1844 1028 1903 enim
1049 1863 1098 1904 res
1120 1844 1246 1904 eandem
1268 1844 1452 1904 voluntatem
1473 1843 1706 1921 facultatemque

373 1946 536 2023 flagitabat.
570 1943 617 2006 cf.
634 1944 667 2004 C.
685 1945 709 2004 I.
727 1933 833 2005 27192'
845 1940 958 2006 πολλὰς
978 1937 1135 2029 πρεσβείας
1156 1936 1204 2003 uel
1226 1938 1350 2008 ἐκδικίας
1370 1949 1406 2024 τῇ
1425 1937 1538 2030 πατρίδι
1553 1968 1705 2031 παρεσχη-

372 2040 463 2114 μένου.
508 2045 699 2123 Quapropter
724 2067 784 2107 uon
806 2048 916 2108 nimiae
937 2049 1080 2107 audaciae
1102 2049 1274 2121 incusabat,
1300 2049 1382 2126 quod
1404 2068 1443 2108 ex
1466 2053 1573 2106 ΒΗΑΙΣ
1594 2049 1705 2109 litteris

372 2149 429 2208 hoc
454 2150 553 2226 ipsum
577 2149 754 2208 vocabulum
779 2142 973 2232 [πρεσβείαις
994 2150 1087 2210 effeci.
1133 2149 1274 2210 Genuina
1295 2151 1373 2210 tituli
1395 2151 1492 2210 forma
1512 2170 1574 2211 non
1595 2152 1708 2210 tradita

373 2258 420 2310 est
445 2269 500 2311 nec
527 2269 630 2310 versus
656 2253 699 2310 ita
724 2251 828 2324 divisi,
856 2262 889 2310 nt
915 2252 1058 2312 diviserat
1083 2253 1258 2330 lapidarius.
1307 2251 1513 2330 Complurium
1539 2253 1706 2314 litterarum

371 2327 494 2413 lacunas
516 2352 690 2412 manifestas
712 2361 848 2412 tenemus
870 2354 901 2412 in
917 2372 997 2413 vocc.
1018 2344 1321 2436 γυμναει[εερχη’]εαεε
1343 2366 1373 2414 et
1394 2346 1551 2433 asydtlaur
1571 2344 1706 2441 ἇρ]χεεες.

371 2454 484 2534 Finges
505 2457 548 2514 ita
569 2475 672 2515 versus
694 2456 858 2532 dispositos
878 2456 986 2528 fuisse,
1008 2466 1041 2515 ut
1066 2457 1104 2516 ab
1127 2457 1250 2517 sinistra
1271 2457 1416 2516 dextrave
1436 2465 1522 2533 parte
1543 2457 1640 2518 fracto
1663 2459 1705 2516 la-

371 2559 440 2633 pide
468 2567 498 2618 et
525 2541 613 2642 ff
628 2565 659 2616 et
677 2541 765 2642 areop
781 2567 810 2617 et
831 2541 911 2639 ips?
923 2559 1041 2618 litterae
1062 2559 1160 2636 perire
1181 2561 1347 2636 potuerint:
1374 2580 1444 2620 nam
1466 2560 1576 2638 singuli
1600 2579 1705 2622 versus

370 2679 431 2719 non
455 2679 532 2739 opus
554 2669 600 2720 est
621 2669 654 2718 ut
674 2661 761 2738 plane
784 2660 907 2720 eandem
930 2662 1059 2739 quisque
1080 2661 1297 2738 longitudinem
1318 2662 1488 2721 habuerint.

455 2747 600 2842 Superest
627 2774 661 2822 ut
684 2763 894 2840 interpolatam
915 2764 946 2822 ni
967 2763 1057 2822 fallor
1079 2764 1203 2823 alteram
1225 2775 1324 2824 utram
1344 2753 1392 2821 καὶ
1413 2765 1591 2842 particulam
1614 2767 1702 2825 tolla·

371 2871 525 2940 mus,'aut
545 2884 621 2942 quae
644 2875 712 2924 ante
735 2865 766 2923 ἐκ
787 2867 841 2922 ταῖν
864 2860 939 2923 ἰδίων
962 2874 1013 2925 aut
1034 2885 1110 2944 quae
1132 2875 1202 2944 post
1221 2867 1344 2944 legitur3
1367 2868 1419 2926 vix
1440 2868 1519 2927 enim
1532 2868 1707 2946 inscriptio-

370 2987 441 3026 num
470 2968 655 3027 concinnitas
684 2976 743 3026 tam
773 2975 911 3046 argutum
938 2967 1056 3028 dicendi
1084 2987 1180 3046 genus
1207 2971 1320 3046 patitur
1349 2970 1453 3029 inferri
1484 2979 1517 3028 ut
1542 2970 1575 3029 in
1602 2971 1704 3030 verbis

368 3060 416 3128 nni
438 3067 469 3127 ἔκ
489 3051 545 3128 1τῶν
567 3065 641 3126 ἰδίων
662 3059 712 3126 καὶ
733 3059 893 3146 γυμνᾶτιον
915 3069 1039 3128 alterum
1061 3063 1110 3128 nal
1131 3092 1186 3150 pro
1209 3072 1395 3150 gradationis
1412 3071 1561 3148 particula
1575 3076 1703 3134 retinea-

369 3190 448 3231 mus.
491 3170 563 3231 Non
589 3172 715 3231 multum
737 3171 842 3244 refert,
864 3182 964 3231 utrum
985 3164 1033 3229 nul
1055 3172 1173 3246 deleas,
1196 3174 1250 3234 sed
1271 3175 1372 3252 priore
1392 3175 1461 3235 ideo
1481 3174 1599 3234 facilius
1622 3195 1705 3236 care·

369 3273 482 3346 bimus,
509 3274 590 3350 quod
611 3272 642 3331 ἐκ
663 3275 717 3330 τῶν
739 3265 814 3330 ἰδίων
829 3274 927 3358 ¹uerba
947 3275 978 3334 in
1000 3273 1059 3334 fine
1081 3277 1202 3353 saepius
1224 3295 1313 3353 quam
1335 3277 1367 3337 in
1388 3277 1534 3355 principio
1557 3277 1705 3338 enuntiati

368 3376 441 3454 poni
463 3376 570 3435 solent.
611 3376 711 3435 Etiam
734 3376 808 3434 haec
829 3376 895 3436 laus
917 3386 965 3436 est
985 3371 1070 3436 haud'
1086 3379 1206 3456 exigua,
1229 3379 1322 3439 ecdici
1343 3379 1493 3457 legatique
1514 3379 1614 3439 officia
1634 3401 1702 3460 pro·

367 3478 443 3556 priis
463 3478 610 3555 impensis
631 3479 829 3557 praestitisse.
874 3475 921 3538 Cf.
943 3477 1017 3538 Keil
1038 3476 1115 3558 Syll.
1137 3481 1227 3540 inscr.
1249 3481 1355 3542 Boeot.
1377 3500 1407 3559 p.
1426 3480 1494 3542 123.

454 3584 620 3638 ΓΙΜΝΑΝΔ
643 3581 746 3657 paullo
768 3581 927 3640 violentius
949 3584 1103 3658 temptari,
1126 3583 1178 3642 sed
1200 3601 1261 3644 non
1283 3584 1357 3644 citra
1378 3585 1595 3645 necessitatem.
1630 3608 1704 3663 γυμ-

369 3671 444 3739 εείδα
466 3682 584 3759 dequo
606 3683 675 3760 quis
696 3684 807 3760 cogitet
827 3683 898 3741 ferri
920 3684 1033 3760 nequit.
1070 3683 1293 3765 Lexicographi
1314 3689 1393 3747 enim
1415 3696 1571 3764 poetarum
1587 3687 1706 3766 aliquot

369 3785 454 3843 locos
480 3784 647 3845 indicantes
671 3786 722 3844 ubi
748 3785 828 3844 idem
856 3802 924 3846 essa
949 3773 1056 3865 putant
1077 3788 1156 3864 quod
1179 3777 1338 3864 γυμνάσιον
1359 3790 1508 3849 incautius
1530 3798 1639 3869 agunt:
1667 3811 1704 3850 ne

368 3895 475 3964 poetae
502 3887 621 3965 quidem
649 3907 780 3964 unquam
809 3889 866 3947 hoc
894 3890 1042 3949 vocabulo
1069 3889 1168 3949 locum
1197 3891 1383 3968 significant,
1412 3892 1463 3952 ubi
1484 3900 1642 3952 exerceret
1670 3911 1703 3952 se

368 3989 516 4050 iuventus.

451 4081 724 4176 γυμνα[σε]εε’[ρ]κων
750 4101 831 4152 certo
857 4095 990 4167 correxi;
1016 4112 1112 4171 neque
1139 4095 1187 4156 hic
1211 4117 1231 4154 κ
1256 4096 1287 4155 in
1308 4119 1337 4175 χ
1361 4103 1478 4156 mutare
1499 4098 1581 4156 volui
1603 4115 1703 4176 neque

368 4211 460 4270 supra
480 4203 533 4252 aut
553 4183 725 4276 s’pcc'tlnpacv
746 4196 911 4256 rescribere
930 4205 984 4256 aut
1005 4187 1280 4281 «γυμνασιαρκῆεαες.
1315 4197 1467 4259 Incertum
1488 4201 1580 4272 enim,
1600 4208 1704 4278 poste-

366 4297 455 4355 rioris
476 4296 582 4355 aetatis
596 4296 764 4356 Aeoleuses
785 4309 932 4374 quatenus
955 4300 1046 4358 etiam
1066 4299 1098 4358 in
1119 4300 1167 4359 his
1188 4301 1323 4372 minutiis
1345 4303 1496 4361 constanti
1516 4319 1703 4380 severaeque

367 4396 427 4476 legi
449 4415 482 4456 se
503 4399 684 4458 addixerint
721 4399 836 4459 Eadem
858 4401 895 4460 de
916 4419 1007 4461 causa
1027 4420 1119 4480 supra
1138 4403 1171 4461 in
1192 4422 1221 4462 n.
1234 4401 1297 4462 VII
1319 4395 1406 4489 lepino
1427 4413 1457 4463 et
1477 4395 1618 4490 irpopr'pov
1641 4403 1702 4466 for·

366 4517 432 4559 mss
454 4518 515 4560 non
536 4502 706 4562 sollicitavi.

365 4712 457 4773 XXI.
493 4713 529 4772 In
551 4714 666 4774 balneis
681 4714 772 4775 Lesbi
787 4716 859 4775 Pac.
896 4716 944 4775 sd
966 4717 1059 4777 alium
1080 4716 1211 4794 lapidem
1233 4737 1433 4777 marmoreum
1447 4718 1526 4791 Pac,
1547 4719 1600 4778 ubi
1613 4739 1702 4798 prae·

407 4816 486 4875 cedit
513 4816 618 4875 titulus
646 4814 860 4896 (c.1.2171)
888 4819 925 4877 ad
952 4821 1061 4880 balnea
1088 4818 1201 4880 Lesbia
1226 4821 1367 4881 inuentus
1393 4817 1463 4900 ‘que
1489 4821 1581 4898 vulgo
1611 4839 1701 4899 grece

408 4911 525 5002 esperod
546 4916 777 4998 nuncupantnr'.

936 5014 1075 5109 ’Apta'mdr

938 5117 1043 5210 θερμεέι
1064 5120 1131 5186 etiu-

937 5218 995 5286 ua'w
1015 5220 1103 5292 Δι’τεες
