3530 5932
983 573 1161 626 coassun:

760 772 797 864 nt
814 805 821 820 .
838 745 974 864 siuttiis
1000 771 1061 862 m.
1078 771 1102 818 n
1120 802 1127 818 .
1142 744 1280 862 puntiis
1296 770 1356 862 ,m

765 905 798 1001 a]
811 904 907 978 tdilis
924 963 932 978 .
953 903 1045 1020 elcale
1060 961 1068 976 .
1083 909 1181 978 vlam
1196 960 1204 975 .
1219 905 1396 1020 tenemn[s

767 1061 798 1160 t]
811 1071 913 1136 tens.
928 1069 993 1134 ant
1008 1119 1015 1134 .
1029 1066 1219 1178 pupttram
1235 1123 1242 1138 .
1258 1061 1334 1178 atsi
1337 1060 1366 1159 [i

757 1245 864 1337 anam
880 1277 888 1292 .
903 1225 966 1320 vtu
982 1276 990 1291 .
1005 1229 1250 1336 teremnatust
1264 1275 1271 1290 .
1287 1244 1355 1317 per

756 1377 792 1451 X
807 1436 814 1451 .
830 1383 932 1452 iussu
949 1433 957 1449 .
972 1382 1032 1450 via
1047 1435 1054 1450 .
1070 1375 1306 1477 pumpaiiana
1321 1435 1329 1448 .
1344 1387 1401 1494 ter

758 1546 963 1610 emnattens
980 1593 987 1608 .
1003 1534 1115 1635 pesek
1130 1588 1139 1607 .
1155 1533 1208 1609 ΙΙΙ
1226 1591 1233 1608 .
1250 1544 1314 1607 aut
1329 1589 1337 1607 .
1352 1534 1413 1652 kat

728 1791 730 1794 Ι
757 1695 793 1768 la
808 1751 815 1768 .
832 1694 946 1769 idvets
963 1751 970 1766 .
986 1693 1196 1768 meeltkiiets
1212 1747 1221 1766 .
1236 1693 1342 1766 ekass
1357 1750 1365 1765 .
1382 1698 1419 1808 vt

757 1877 817 1926 ass
833 1907 841 1925 .
856 1857 906 1925 nn
922 1909 929 1924 .
945 1858 1005 1925 vta
1020 1910 1028 1924 .
1043 1851 1154 1925 idviia
1169 1909 1177 1925 .
1192 1856 1243 1924 ini
1258 1907 1266 1922 .
1282 1850 1438 1968 deklrvia

756 2016 827 2084 rim
841 2066 849 2082 .
865 2010 1040 2085 medIkets
1057 2008 1342 2126 ‚pumpaiianeis

758 2168 927 2244 serevkid
944 2225 951 2241 .
967 2167 1112 2241 imaden
1128 2191 1138 2240 ε
1153 2193 1313 2268 uupsens
1328 2224 1335 2240 .
1353 2173 1390 2284 iu

759 2353 801 2403 su
817 2383 824 2399 .
841 2327 958 2402 atdilis
985 2326 1193 2427 prufattens

645 2533 744 2594 Maius
766 2531 881 2594 Suttius
903 2534 977 2592 Maii
997 2534 1017 2592 f.
1040 2532 1197 2592 Numisius
1219 2532 1345 2592 Pontius
1366 2531 1438 2591 Maii
1461 2532 1482 2591 t.

647 2637 760 2695 aediles
782 2637 830 2695 hic
852 2637 931 2696 viam
954 2637 1092 2695 termina-

646 2745 753 2797 verunt
772 2746 841 2798 snte
862 2747 985 2817 pontem
1007 2736 1105 2799 Stabi-

646 2859 745 2900 anum.
778 2841 837 2900 via
857 2843 1017 2900 terminata
1039 2848 1085 2900 est
1106 2840 1202 2917 cippis

645 2941 687 3002 X.
729 2943 825 3002 Iidem
848 2943 925 3003 viam
947 2942 1163 3021 Pompeianam
1184 2954 1241 3000 ter-

646 3045 833 3106 minaverunt
854 3046 951 3124 cippis
973 3045 1023 3104 ΙΙΙ
1045 3055 1114 3104 ante
1135 3063 1201 3102 cae·

646 3147 741 3206 utum
764 3127 1188 3226 (signum)10vi'sMeiliehii.
1231 3147 1297 3206 nas
1320 3147 1365 3204 vr-

647 3268 680 3309 as
701 3260 731 3309 et
751 3251 831 3309 viam
852 3250 969 3309 Ioviam
991 3269 1027 3308 ac
1047 3251 1184 3308 decuma·

646 3371 715 3410 nam
736 3352 865 3412 medices
887 3352 1063 3428 Pompeiani

646 3454 743 3514 solide
764 3456 802 3514 ab
824 3455 883 3514 ima
905 3453 1017 3530 (parte)
1040 3454 1155 3532 operati
1178 3461 1257 3528 sunt,
1279 3453 1313 3513 ii-

646 3556 713 3615 dem
735 3557 848 3616 aediles
870 3557 1079 3635 probaverunt.

485 3714 564 3774 Dedi
585 3714 705 3774 titulum
726 3734 765 3773 ex
787 3714 884 3790 effigie
906 3733 924 3771 a
946 3733 993 3772 ms
1014 3713 1172 3786 delineata,
1194 3731 1286 3790 quarn
1307 3732 1402 3790 nuper
1422 3733 1470 3772 me
1492 3722 1616 3791 rogante
1631 3709 1666 3771 G.
1679 3709 1707 3768 de

377 3818 494 3878 ·Petra
514 3817 612 3877 denuo
634 3835 700 3875 cum
722 3816 823 3893 lapide
845 3825 1046 3893 comparatam
1069 3824 1099 3874 et
1118 3817 1301 3895 recognitam
1323 3817 1477 3895 probavit,
1506 3817 1614 3876 collato
1634 3813 1706 3870 etism

401 3929 508 3998 ectypo
530 3939 549 3977 a
570 3919 608 3978 R.
624 3917 759 3980 Schoene
780 3918 871 3978 misso
900 3935 965 3976 cum
991 3918 1046 3977 illa
1070 3919 1159 3994 plano
1181 3931 1371 3996 congruente.
1414 3919 1551 3979 Primum
1573 3916 1709 3978 ediderunt

401 4031 431 4082 et
444 4023 630 4098 interpretati
649 4030 719 4082 sunt
733 4021 851 4080 titulum
867 4020 1031 4092 ddtncroini,
1052 4021 1189 4080 Mctnorie
1202 4021 1377 4080 Ercoloncsc
1398 4021 1427 4079 d'
1438 4022 1564 4082 arctant.
1585 4020 1641 4080 Vn.
1652 4015 1708 4083 VII,

401 4125 534 4200 Apposui.
553 4143 586 4200 p.
605 4125 626 4184 9
646 4143 704 4202 sq„
737 4123 892 4196 Gamoci,
916 4123 935 4180 l.
951 4141 974 4180 c.
994 4142 1025 4199 p.
1041 4123 1080 4182 22
1101 4142 1160 4200 sp,
1192 4121 1361 4194 Quoranta,
1385 4125 1404 4182 l.
1421 4143 1444 4181 c.
1462 4144 1497 4201 p.
1511 4125 1549 4184 61
1570 4142 1625 4198 sq„
1645 4117 1708 4178 unde

400 4226 528 4298 Hermen,
552 4226 633 4284 Ball.
656 4227 685 4284 d.
699 4226 772 4285 Inst.
794 4245 823 4284 α.
839 4226 875 4284 R.
898 4225 991 4298 1852,
1010 4244 1041 4300 p.
1060 4227 1103 4284 87
1123 4235 1153 4283 et
1173 4225 1318 4296 Fodrctti,
1344 4223 1376 4283 0.
1393 4227 1420 4284 I.
1437 4226 1505 4284 Ital.
1530 4235 1548 4283 t.
1565 4223 1620 4296 LI,
1635 4219 1707 4281 2785.

400 4330 580 4387 Accusatam
602 4327 848 4406 magnificumque
868 4327 1073 4403 inscriptionis
1095 4327 1221 4404 effigiem
1237 4327 1452 4386 conficiendam
1467 4326 1583 4387 curarit
1596 4321 1708 4389 discedi,

400 4430 530 4490 Monam.
553 4434 644 4507 cpipr.
667 4430 793 4506 Pompei.
815 4430 871 4490 tad.
886 4430 919 4501 I,
938 4429 1006 4505 po
1026 4448 1070 4506 sq.
1114 4429 1395 4506 Interpretationem
1416 4429 1481 4489 eius
1503 4436 1591 4488 cauta
1609 4425 1708 4484 ratione

400 4531 440 4590 ad
464 4532 584 4609 linguae
607 4531 705 4592 Oscae
727 4532 810 4609 leges
834 4540 1050 4591 revocaverunt
1071 4530 1223 4605 Ausrectt,
1249 4531 1284 4590 Z.
1300 4533 1330 4605 s.
1351 4532 1439 4607 cerpl.
1462 4531 1533 4608 Spr.
1549 4532 1597 4602 II,
1616 4531 1663 4598 55,
1686 4533 1709 4582 et

399 4633 559 4710 Kirchtoff,
575 4633 697 4711 Alipem.
711 4634 902 4692 Monutssctr.
918 4632 1012 4705 1852,
1030 4651 1063 4708 p.
1077 4633 1141 4690 578
1146 4653 1158 4702 ‚·
1178 4633 1325 4709 quaedam
1340 4633 1441 4692 addidi
1455 4651 1522 4711 ego,
1544 4634 1579 4691 Z.
1594 4635 1621 4711 s.
1635 4627 1707 4702 coyt

401 4734 472 4812 Spr.
490 4736 525 4808 V,
548 4736 604 4796 126
625 4755 680 4813 sq„
703 4735 828 4811 Ausspr.
845 4736 891 4808 II,
910 4735 967 4794 179
986 4744 1044 4794 not.
1061 4737 1087 4807 1,
1110 4736 1152 4794 cd.
1170 4735 1199 4808 2,
1221 4736 1349 4811 denique
1370 4735 1510 4809 Eodem,
1532 4729 1707 4794 Fomenta.

404 4837 474 4898 Osk.
490 4837 561 4914 Spr.
582 4859 610 4897 n.
626 4837 668 4910 X,
691 4839 728 4915 cs.
748 4835 879 4896 Glossar.

485 4939 575 4999 Hunc
596 4940 714 4999 titulum
736 4958 802 4998 cum
825 4940 973 4998 neminem
994 4939 1096 5016 fugere
1118 4941 1215 5018 possit
1236 4941 1343 5000 summi
1366 4941 1508 5000 momenti
1530 4957 1598 5000 esse
1618 4937 1651 4994 ad
1670 4949 1708 4990 co·

399 5041 603 5120 gnoscendum
629 5043 785 5120 regionum
812 5049 842 5101 et
870 5042 1074 5105 aedificiorum
1100 5043 1203 5120 oppidi
1228 5021 1443 5118 Pompeiorum
1470 5051 1594 5112 statum,
1625 5033 1708 5116 qutll's

400 5141 580 5203 Samnitium
602 5151 700 5203 aetate
721 5143 825 5218 fuerit,
852 5143 950 5203 facere
972 5165 1033 5204 non
1058 5162 1196 5220 possum,
1222 5145 1295 5221 quin
1316 5143 1353 5202 ds
1375 5144 1530 5204 vocabulis
1553 5143 1638 5204 Oscis
1656 5139 1708 5195 eius

395 5264 459 5322 per.
484 5271 521 5296 =
540 5245 655 5323 percle„
678 5245 777 5316 kailo,
809 5245 1004 5319 dcklcviarc'm,
1026 5246 1160 5306 scrcclcid
1190 5247 1293 5326 paucis
1314 5247 1371 5306 hoc
1393 5247 1461 5307 loco
1483 5263 1583 5324 sgnum
1609 5261 1642 5304 ne
1661 5236 1707 5298 viri
