3530 5932
262 533 265 540 ·
357 495 428 564 144
787 509 1096 562 snorrsusuuvu
1113 511 1198 563 von.
1218 513 1248 562 11

354 690 477 748 vitricus
500 689 673 765 privignus,
695 685 759 744 iure
781 703 920 762 quaeres,
943 685 1061 762 quinam
1084 686 1145 745 sint
1167 687 1219 763 qui
1240 705 1323 746 reum
1345 687 1471 764 propius
1493 708 1530 746 ea
1545 689 1672 750 ulfiniute
1751 671 1752 700 ³

356 793 545 870 contingant3
572 799 603 848 et
628 806 809 866 quamquam
836 787 1014 865 responderi
1039 795 1139 866 potest
1160 788 1292 866 intellegi
1315 789 1409 850 virum
1432 809 1572 865 uxorem,
1597 811 1673 870 spon·

357 913 422 954 sum
446 891 638 971 sponsaml),
661 891 740 950 haud
764 891 826 950 scio
848 911 888 950 an
909 891 966 950 hoc
988 909 1106 968 quoque
1128 890 1260 951 incuriae
1282 893 1379 969 magis
1401 911 1490 969 quam
1515 895 1673 970 prudentiae

356 997 512 1073 scriptoris
544 995 695 1054 debeatur.
745 993 793 1052 De
819 1001 946 1071 patrono
977 993 1085 1052 liberto
1111 993 1231 1052 omnino
1258 1003 1377 1054 constat
1407 1014 1503 1073 neque
1531 1005 1673 1075 patronum
1751 1001 1752 1064 l

356 1102 388 1159 in
414 1099 551 1157 libertum
576 1115 632 1156 noc
653 1096 793 1155 libertum
815 1096 845 1153 in
867 1103 1026 1171 patronum
1047 1097 1079 1154 in
1101 1096 1163 1154 ullo
1184 1095 1295 1155 iudicio
1318 1098 1438 1175 publico
1460 1099 1585 1158 invitum
1606 1103 1674 1159 testi·

358 1203 490 1261 monium
523 1199 652 1269 dixisse3
685 1205 841 1274 praeterea
869 1198 900 1255 in
929 1198 1106 1274 quibusdam
1133 1197 1265 1270 iudiciis,
1299 1210 1333 1258 ut
1357 1201 1390 1260 in
1418 1219 1453 1260 eo
1483 1202 1565 1277 quod
1590 1204 1621 1262 fit
1643 1222 1674 1262 er
1751 1231 1752 1272 t

359 1306 425 1382 lege
447 1301 584 1362 Iuliade
606 1299 680 1378 ri2),
702 1301 827 1360 libertus
850 1301 1053 1360 testimonium
1076 1300 1108 1358 in
1129 1309 1287 1379 patronum
1310 1303 1409 1363 dicere
1431 1323 1492 1364 non
1514 1305 1606 1364 solum
1626 1325 1675 1364 nou

361 1408 489 1486 cogitur,
512 1403 562 1464 sed
587 1403 676 1463 etiam
699 1410 825 1462 vetatur.
1751 1419 1752 1422 ’

206 1519 346 1571 Accusatio
444 1508 493 1568 De
515 1507 705 1566 accusatione
727 1525 804 1584 quae
824 1505 903 1584 apud
919 1505 1074 1566 duovirum
1089 1508 1143 1566 fiat
1157 1507 1254 1585 agitur
1268 1508 1344 1586 legis
1366 1527 1390 1566 c.
1407 1507 1467 1568 CII
1489 1511 1518 1581 4,
1535 1509 1673 1582 23-5,1.

362 1610 464 1671 Causa
489 1610 647 1668 accusandi
673 1609 721 1668 hio
743 1628 801 1668 non
824 1609 958 1684 ponitur,
986 1609 1074 1668 atde
1096 1610 1271 1688 indignitate
1293 1612 1464 1672 decurionis
1486 1611 1591 1672 duovir
1608 1615 1675 1672 iube

286 1717 288 1720 ’
362 1725 410 1773 tur
438 1715 484 1772 ius
515 1712 613 1772 dicere
641 1711 810 1789 iudiciaque
838 1711 975 1782 redderc3
1003 1712 1164 1790 significari
1193 1714 1413 1772 accusationem
1443 1715 1620 1792 intellegitur
1644 1736 1675 1775 er

363 1836 388 1876 c.
412 1815 560 1876 CXXIII.
584 1813 761 1904 Oxxlllt,
793 1833 871 1891 quae
903 1815 942 1873 ad
972 1815 1073 1892 ipsum
1104 1815 1245 1873 iudicium
1278 1815 1314 1874 de
1341 1816 1519 1894 indignitate
1547 1819 1676 1895 pertinere

364 1938 456 1997 supra
477 1917 490 1994 (
498 1937 525 1994 p.
546 1916 622 1993 134)
645 1917 924 1977 demonstravimus.
969 1914 1043 1977 Sola
1068 1918 1140 1977 haec
1165 1919 1317 1977 accusatio
1340 1926 1439 1977 utrum
1462 1939 1487 1978 c.
1505 1917 1562 1979 011
1581 1921 1678 1980 intelle·

364 2031 451 2102 gatur
478 2040 516 2080 an
543 2019 630 2080 aliter
654 2037 772 2096 quoque
794 2018 873 2098 apud
896 2021 1050 2079 duovirum
1073 2022 1224 2079 accusatio
1248 2021 1364 2080 institui
1388 2023 1533 2098 potuerit,
1560 2025 1678 2100 exlegis

365 2125 500 2202 reliquiis
527 2141 587 2182 non
613 2122 803 2200 perspicitur.
823 2154 861 2166 -
889 2123 1122 2182 Accusationem
1142 2122 1230 2182 facile
1253 2132 1378 2200 apparet
1398 2126 1605 2200 quaestionum
1624 2145 1679 2201 per·

365 2237 522 2306 petuarum
544 2227 671 2286 formam
694 2224 788 2300 sequi.
833 2223 951 2283 Duovir
971 2226 1108 2284 iudicium
1128 2226 1223 2285 reddit
1244 2225 1287 2301 (5,
1304 2225 1352 2284 22.
1369 2225 1433 2300 24),
1456 2227 1511 2286 ltac
1533 2228 1590 2305 leqs
1609 2246 1679 2304 quoe

366 2335 406 2390 rit
427 2330 479 2407 (4,
496 2327 544 2386 23.
561 2326 636 2402 25),
662 2327 797 2385 iudicium
818 2337 924 2386 enaret
945 2326 996 2402 (4,
1013 2327 1061 2386 23.
1079 2325 1152 2403 26),
1180 2329 1388 2405 praetorisque
1413 2349 1480 2388 eum
1508 2329 1539 2387 in
1561 2339 1680 2407 repeton·

367 2434 472 2492 darum
498 2430 707 2505 similibusque
733 2429 866 2502 iudiciis,
893 2429 924 2488 id
950 2439 999 2488 est
1020 2430 1199 2506 quaesitoris
1222 2430 1323 2490 officio
1345 2430 1427 2510 iungi
1450 2451 1489 2489 ex
1512 2450 1537 2490 c.
1553 2429 1608 2492 (lll
1626 2451 1680 2508 per-

367 2536 508 2612 spicitur.
544 2533 666 2591 Actoris
691 2539 793 2609 partes
819 2531 871 2609 qui
897 2531 1024 2591 sustinet
1047 2532 1179 2608 postulat
1205 2532 1258 2610 (5,
1274 2531 1348 2609 22),
1376 2543 1496 2593 6666666
1517 2534 1565 2610 (4,
1581 2533 1680 2592 2228.

368 2637 417 2697 29.
434 2637 492 2712 34)
515 2635 798 2713 distinguunturque
820 2642 1027 2694 accusatorum
1048 2635 1161 2692 delator
1181 2633 1229 2710 (4,
1247 2634 1300 2710 27)
1323 2643 1353 2694 et
1372 2636 1550 2712 subscriptor
1570 2637 1615 2714 (t,
1628 2636 1680 2712 28).

369 2739 507 2816 Simquloc
535 2741 660 2796 actiones
688 2736 789 2796 iudicii
819 2735 872 2813 (4,
894 2737 942 2796 34.
964 2737 1023 2814 36)
1052 2738 1213 2796 ostendunt
1241 2736 1427 2816 ampliationi
1456 2739 1681 2817 comperendina-

368 2842 480 2901 tionive
506 2840 537 2897 in
564 2858 600 2897 eo
627 2840 728 2899 locum
749 2839 852 2899 fuisse.
897 2837 1087 2916 Quamquam
1108 2840 1229 2899 luerunt
1250 2839 1338 2899 ctiam
1362 2841 1508 2917 quaedam
1530 2842 1634 2901 iudicia
1651 2861 1681 2899 er

369 2946 424 3003 hac
450 2943 516 3020 lege
542 2961 601 3001 uno
623 2941 672 3001 die
693 2941 874 3019 perficienda
895 2939 1024 3018 (1,24);
1051 2960 1180 3018 quocum
1202 2943 1369 3020 comparari
1389 2951 1504 3019 potest,
1531 2944 1610 3020 quod
1628 2945 1683 3020 lege

368 3047 514 3123 Pompeia
537 3044 642 3102 eodem
664 3043 722 3114 die,
744 3062 803 3121 quo
825 3044 931 3102 dicturi
954 3053 1057 3103 essent
1078 3053 1236 3104 accusator
1257 3053 1286 3102 et
1307 3052 1462 3120 patronus,
1488 3044 1600 3105 iudices
1620 3047 1685 3103 iudi·

369 3169 437 3208 care
464 3146 690 3223 iubebantur-³).
734 3147 875 3206 Indicant
899 3149 1006 3206 iudices
1035 3146 1148 3224 (o.1)
1175 3156 1357 3224 caveturque
1384 3147 1421 3207 de
1442 3167 1495 3206 reo
1518 3147 1684 3206 absolvendo

371 3252 399 3323 6,
420 3250 438 3309 2
463 3251 519 3310 sic:
548 3255 597 3326 qut
621 3253 663 3307 ito
684 3249 832 3308 absolutos
855 3253 921 3323 crit,
948 3251 1026 3327 quod
1045 3251 1182 3309 iudicium
1198 3253 1462 3327 praeuaricationis
1484 3269 1574 3310 caasa
1586 3253 1685 3326 socan

369 3373 426 3413 aon
449 3357 515 3425 erit,
537 3354 562 3411 r's
585 3371 615 3411 eo
637 3353 744 3411 iudicio
767 3352 821 3411 doc
843 3352 901 3429 leuc
923 3352 1070 3411 obuolutas
1093 3362 1161 3424 asto,
1185 3371 1263 3428 quae
1283 3353 1413 3412 formula
1434 3353 1558 3431 propria
1577 3352 1686 3412 iudicio·

371 3476 436 3516 rum
460 3455 646 3532 publicorum
668 3453 792 3513 totidem
813 3454 876 3514 lere
892 3455 990 3513 verbis
1013 3455 1088 3514 redit
1102 3455 1133 3514 in
1147 3456 1213 3532 lege
1228 3455 1458 3532 repetundarum
1481 3475 1509 3513 v.
1523 3455 1571 3515 55.
1607 3453 1686 3514 Deni-

372 3577 430 3635 que
451 3559 615 3636 praemium
638 3557 806 3616 accusatori
828 3556 916 3615 datur
937 3557 1004 3630 tale,
1028 3557 1131 3634 qualia
1152 3558 1215 3616 dari
1236 3557 1335 3617 solent
1348 3558 1380 3616 in
1394 3559 1459 3617 eius
1472 3557 1590 3636 generis
1604 3556 1686 3616 causis

371 3661 498 3738 publicis
522 3659 565 3736 (p.
584 3660 667 3736 134).
702 3656 762 3718 Sed
784 3677 894 3718 novum
916 3659 1004 3718 iniis
1027 3679 1103 3737 quae
1126 3659 1162 3720 de
1184 3659 1372 3719 accusatione
1393 3668 1555 3736 supersunt
1575 3666 1687 3720 nonest

226 3779 313 3828 Horae
322 3765 432 3826 ao-nisi
458 3764 540 3840 qnod
566 3781 591 3820 c.
612 3759 672 3820 (llI
693 3771 821 3821 ,cavetur
847 3761 883 3820 de
910 3770 1043 3838 tempore
1068 3762 1168 3821 iudicii
1194 3763 1376 3839 perficiendi.
1419 3759 1543 3822 Scilicet
1568 3760 1685 3840 exceptis

245 3850 353 3901 ⁰⁰⁵³¹¹ffi
374 3867 474 3926 causis
496 3865 547 3938 iis,
574 3883 650 3942 quos
670 3883 730 3924 uno
753 3865 800 3924 die
821 3864 924 3941 perfici
945 3864 995 3922 lex
1018 3865 1113 3937 iubet,
1136 3845 1404 3924 duoviriudicium
1426 3883 1566 3924 exercere
1585 3871 1687 3924 vetatur

373 3979 442 4028 anta
463 3969 566 4026 horam
588 3969 714 4044 primam
732 3975 762 4025 et
776 3973 846 4044 post
860 3965 1055 4025 undecimam.
1088 3966 1176 4041 Quod
1192 3968 1364 4046 ambiguum
1380 3977 1427 4026 est
1440 3977 1540 4028 utrum
1556 3967 1686 4044 accipien-

373 4073 442 4130 dum
469 4071 508 4129 sit
534 4070 570 4128 66
597 4070 694 4146 prima
720 4077 826 4146 coepta
850 4077 880 4128 et
902 4069 1057 4128 undecima
1078 4071 1199 4146 expleta
1220 4089 1258 4128 an
1280 4071 1318 4129 de
1339 4071 1435 4147 prima
1455 4071 1578 4148 expleta
1597 4077 1625 4128 et
1642 4085 1686 4126 uu·

373 4173 489 4232 decima
507 4183 627 4250 coepta3
650 4173 777 4232 conferri
800 4179 899 4249 potest
919 4171 999 4249 quod
1021 4171 1277 4256 apudPaulunt4)
1300 4181 1480 4232 testamenta
1501 4173 1633 4232 iubentur
1650 4187 1687 4227 re-

452 4513 475 4577 1)
502 4515 570 4564 Nam
594 4514 621 4563 hi
646 4529 747 4580 quoque
771 4514 838 4565 inter
862 4514 953 4564 aflines
976 4520 1142 4565 numerantur
1166 4519 1192 4563 et
1216 4515 1243 4564 in
1261 4513 1318 4579 lege
1338 4513 1428 4565 Oincia
1451 4512 1527 4574 (Vat.
1545 4513 1578 4564 tr.
1592 4511 1651 4571 302)
1667 4517 1688 4556 tt

374 4608 444 4658 alibi.
481 4607 580 4658 menas
600 4608 652 4658 l.o.
672 4623 697 4673 p.
714 4608 775 4658 109.

451 4716 476 4780 2)
505 4717 616 4769 Collatio
636 4720 661 4780 9,
676 4717 856 4783 t,2=Dig.
871 4719 915 4780 22,
930 4716 954 4780 5,
970 4717 994 4778 3,
1013 4717 1038 4768 5.

389 4889 391 4894 ¹
452 4827 476 4891 ³)
505 4830 635 4880 Asconius
654 4830 681 4879 in
699 4829 792 4880 Milon.
812 4845 837 4894 p.
853 4831 896 4880 40.
956 4813 967 4820 “

452 4940 476 5003 ⁴)
509 4957 528 4991 s.
543 4958 564 4991 r.
584 4942 609 5002 4,
625 4942 650 5003 6,
667 4942 691 5004 2,
720 4942 753 4991 16
772 4956 850 4992 causa
861 4940 1007 4992 Miloniana
1024 4939 1111 5004 priore
1130 4939 1171 4988 die
1190 4937 1313 4988 iudicium
1333 4938 1467 4989 dimissum
1485 4947 1524 4990 est
1537 4941 1602 4991 circa
1613 4938 1687 4988 horam

376 5035 511 5095 decimam,
531 5034 673 5098 posteriore
693 5034 794 5084 sortitio
813 5034 925 5084 iudicum
945 5048 961 5084 s
978 5033 1064 5098 primo
1083 5032 1125 5082 die
1143 5031 1213 5082 facta
1225 5038 1271 5093 est,
1292 5039 1454 5082 accttsatores
1468 5030 1687 5099 coeperuntdicem

376 5128 444 5176 intra
468 5125 558 5176 horam
578 5126 717 5177 secundam
743 5125 856 5189 (Ascon.
875 5142 901 5192 p.
915 5127 959 5177 41.
979 5125 1038 5188 42).
1077 5123 1117 5176 Ol.
1137 5125 1226 5176 Keller
1248 5121 1415 5192 Ciuilpruzass
1434 5140 1461 5190 p.
1475 5127 1517 5176 16.
1554 5118 1687 5189 storqoudt

377 5217 570 5270 Privatottertt.
592 5223 615 5283 1,
631 5219 693 5272 231.
753 5274 757 5282 ,
