3532 5938
88 466 134 516 rea
491 459 578 513 von.
603 462 618 513 1
644 460 1006 524 numcvnssnmnvu.
1335 441 1408 513 207

84 653 197 696 emersu
217 636 275 696 itae
291 637 384 710 fouit,
405 637 469 712 [uu]
489 640 548 694 ium
570 639 635 712 quis
655 636 731 696 colet
753 655 808 712 pro
837 638 1004 695 teudicctod
1023 637 1165 714 n(umum)
1186 633 1233 710 [L
1244 637 1277 710 l]
1297 656 1411 696 manum

82 737 213 814 inieoefflo
236 736 367 814 estoti').
409 738 493 799 Scire
511 737 739 815 mumditeretue
760 738 834 798 volet
854 741 983 811 multare,
1006 739 1115 798 lieetcd.

151 839 189 900 Id
211 849 273 902 est:
296 841 335 900 Iu
356 841 409 901 doe
431 841 493 899 luco
519 849 627 902 stereus
649 860 682 900 ue
704 845 769 919 quis
784 843 915 917 fundite,
943 859 1011 900 uere
1032 842 1155 902 cadaver
1173 846 1316 918 proicite,
1341 861 1409 902 neve

76 953 230 1022 parcitate.
276 941 313 1002 Si
333 946 399 1020 quis
420 945 558 1004 adcursu
581 945 633 1003 doc
647 947 761 1020 feeerit,
783 948 814 1002 tu
836 961 897 1002 eum
918 947 943 1002 ei
964 947 1015 1020 qui
1028 945 1102 1003 colet
1118 964 1175 1022 pro
1190 945 1314 1006 iudicato
1328 963 1407 1004 uuere-

77 1065 143 1106 nurr
160 1045 190 1104 L
210 1063 316 1104 mouns
336 1049 450 1105 iniectm
473 1057 539 1106 esto.
583 1045 652 1106 Sive
672 1049 858 1123 mapistratue
879 1047 955 1105 volet
973 1047 1103 1120 multare,
1127 1047 1218 1107 liceto.

153 1146 377 1208 Grammaticos
410 1149 437 1206 ei
474 1149 519 1207 rei
553 1165 643 1224 peres
679 1167 744 1208 cum
767 1149 888 1208 dubium
916 1167 975 1208 non
1005 1150 1045 1208 sit
1080 1167 1151 1207 mox
1178 1149 1215 1208 de
1244 1150 1300 1208 hoc
1320 1135 1407 1208 titulo

78 1251 238 1311 accuratius
261 1250 396 1312 dicturos
419 1269 497 1326 esse,
519 1271 576 1330 ego
598 1251 635 1310 de
657 1261 832 1331 argumento
854 1270 952 1329 pauca
974 1251 1096 1323 eddam3
1125 1270 1193 1311 nam
1222 1251 1322 1310 multis
1345 1270 1405 1310 non

80 1355 185 1431 indiget
211 1353 258 1412 rei
281 1353 434 1414 evidentia
454 1364 485 1413 et
506 1354 714 1432 perspicuitas.
757 1355 818 1431 Agi
840 1363 966 1432 apparet
994 1353 1031 1412 de
1051 1353 1120 1413 luoo
1149 1371 1236 1414 secto
1258 1374 1319 1414 non
1341 1355 1406 1432 pol-

76 1458 177 1516 luendo
198 1456 451 1516 immunditiebns
474 1455 671 1532 sepulcrisve,
694 1456 779 1514 utin
801 1457 974 1516 universum
995 1456 1037 1514 ait
1058 1465 1179 1534 praetor
1201 1456 1286 1534 (Dig.
1310 1457 1360 1529 43,
1376 1456 1405 1530 6,

81 1557 181 1636 lpr.):
205 1558 431 1618 inlucescere
450 1560 552 1634 secere
578 1563 643 1618 inre
670 1577 732 1618 eum
758 1553 910 1618 immittere
933 1560 1005 1636 quid
1029 1569 1100 1620 ueto.
1147 1557 1242 1617 Plane
1276 1559 1404 1618 similem

76 1660 315 1720 constitutionem
336 1671 437 1720 tamen
459 1679 519 1720 non
538 1661 667 1740 repperi,
689 1679 871 1737 quamquam
890 1679 985 1739 prope
1008 1661 1124 1720 accedit
1146 1659 1189 1719 lec
1213 1664 1270 1720 rice·
1290 1661 1347 1720 Ut.
1361 1707 1372 1738 Ι.
1386 1703 1404 1734 .,

77 1781 158 1840 quam
180 1763 264 1822 edidi
284 1763 318 1821 in
338 1762 471 1824 Hermae
493 1762 551 1822 vol.
576 1764 595 1821 4
617 1782 647 1839 p.
671 1761 731 1822 284
752 1763 949 1841 repetivitque
973 1762 1043 1822 inde
1063 1763 1233 1824 Wilmanns
1259 1783 1289 1821 n.
1312 1761 1404 1836 2730,

77 1865 120 1924 ubi
140 1867 183 1925 sic
205 1875 269 1924 est:
308 1869 335 1923 a·
362 1869 427 1942 quie
459 1869 490 1925 iu
516 1885 548 1925 ec
574 1864 654 1942 (rivo
681 1864 811 1942 scilieet)
837 1869 975 1935 mirsertt,
1006 1865 1204 1942 spurcit(iam)
1224 1868 1342 1941 feeerit,
1373 1869 1405 1924 tre

76 1965 230 2045 templum)
252 1967 335 2026 Iouis
357 1967 533 2044 d(omesticii
556 1969 704 2027 denarium
723 1967 824 2044 uuum)
845 1968 931 2038 doto;
969 1966 1134 2044 del(atort'e)
1156 1987 1230 2044 pare
1255 1967 1405 2045 dim(idic)

77 2079 135 2128 estc.
157 2101 195 2112 —
243 2068 308 2144 Qui
329 2080 434 2129 eontra
458 2070 547 2144 iacit,
576 2071 604 2130 ei
629 2070 686 2130 hec
715 2071 850 2130 iussione
882 2087 981 2146 poena
1006 2070 1169 2148 imponitur
1202 2080 1254 2130 ent
1285 2071 1403 2148 privato

77 2173 177 2232 indicio
208 2172 364 2251 exigenda
390 2182 441 2232 snt
461 2173 592 2251 publico.
637 2170 727 2246 Quod
749 2190 809 2249 quo
829 2172 893 2231 iure
919 2172 972 2230 fiat
999 2173 1026 2231 si
1048 2180 1215 2249 quaeratur,
1242 2174 1403 2251 responde·

74 2275 163 2334 bimus
184 2275 253 2334 iure
274 2274 396 2352 publico
417 2274 522 2352 populi
542 2265 683 2334 Lucerini
705 2274 789 2352 (nam
810 2274 929 2334 colonia
949 2272 1062 2334 Latine
1081 2274 1212 2334 Luceria
1231 2276 1303 2348 luit,
1336 2295 1402 2336 cum

76 2377 118 2434 hic
137 2375 242 2435 titulus
264 2377 397 2454 scriptus
419 2385 475 2449 est,
498 2385 527 2436 et
548 2379 580 2436 in
602 2395 659 2436 sua
679 2377 841 2455 potestate)
867 2377 910 2435 ita
936 2377 1116 2450 obtinuisse,
1144 2377 1208 2436 sire
1233 2379 1264 2436 in
1286 2379 1402 2438 univer·

75 2496 132 2536 sum
157 2497 242 2536 more
275 2479 425 2538 meierum
459 2479 524 2538 sire
555 2479 623 2558 lege
649 2480 755 2558 populi
783 2479 820 2538 de
852 2479 908 2538 hoc
939 2480 1008 2556 ipso
1041 2479 1108 2538 luco
1136 2479 1207 2542 latu.
1257 2479 1403 2542 Solebant

76 2589 165 2639 sutem
185 2581 322 2640 Romani
348 2581 379 2640 in
401 2581 549 2640 eiusmodi
569 2581 698 2654 delictis,
721 2601 796 2659 quae
818 2592 848 2640 et
868 2582 1013 2659 populum
1033 2581 1186 2642 laederent
1207 2592 1237 2640 et
1257 2585 1402 2660 pecuniae

76 2683 309 2742 aestimationem
331 2683 531 2757 admitterent,
555 2693 614 2742 tam
637 2684 786 2761 publicum
805 2683 947 2742 iudicium
958 2702 1127 2762 proponere
1142 2703 1229 2760 quam
1252 2685 1400 2761 privatum

74 2785 338 2861 recuperatorinm,
366 2804 426 2863 qua
457 2787 494 2845 de
520 2805 554 2844 re
581 2786 645 2844 dixi
678 2786 751 2846 alibi
773 2786 968 2864 (Stactarecltt
996 2788 1027 2859 l,
1054 2787 1126 2862 141)
1153 2786 1302 2863 fidemque
1327 2787 1401 2847 iacit

75 2889 243 2962 praesertim
277 2888 381 2947 tabule
415 2887 547 2948 Bantius
576 2907 603 2947 v.
633 2887 650 2946 8
680 2906 744 2964 seq.
788 2886 847 2948 Sed
880 2888 953 2947 haec
975 2907 1064 2965 qnam
1095 2888 1145 2947 lex
1173 2888 1321 2950 Lucerias
1348 2889 1400 2950 dat

74 2991 146 3066 optio
180 2990 219 3049 ab
249 2989 306 3048 illa
339 3010 376 3050 eo
408 2991 529 3050 nomine
556 2991 665 3063 differt,
699 2991 779 3068 quod
815 2991 947 3050 Bantina
977 2990 1082 3050 tabula
1114 2993 1321 3068 magistratum
1348 2994 1400 3076 qui
1426 3046 1429 3052 .

75 3092 145 3150 solet
164 3097 395 3170 recuperatores
423 3111 442 3150 a
461 3103 600 3171 praetore
626 3102 729 3170 petere
754 3093 850 3166 iubet,
876 3093 1026 3153 Lucerinc
1057 3094 1153 3152 civem
1179 3113 1400 3172 quemcunque3

76 3193 153 3268 plane
178 3201 213 3253 ut
233 3194 346 3272 legitur
366 3196 398 3254 in
412 3195 560 3255 Institutis
582 3194 739 3255 Iustiniani
761 3198 790 3267 4,
814 3197 852 3255 10
880 3215 944 3274 pn:
981 3215 1043 3256 eum
1072 3196 1140 3255 olim
1165 3199 1196 3254 in
1221 3198 1401 3272 censuisset

74 3295 179 3356 edemus
199 3299 317 3356 nemim
337 3316 421 3385 apere
441 3317 499 3357 uon
516 3316 603 3375 peace
623 3302 681 3358 uisi
701 3316 758 3375 pro
775 3298 901 3375 populo,
930 3317 986 3375 pro
1013 3297 1156 3373 libertate,
1178 3318 1236 3376 pro
1260 3297 1397 3376 uttew).

142 3662 164 3728 Ι)
183 3669 238 3721 Pro
258 3676 293 3720 Νι
312 3663 339 3712 in
359 3662 450 3729 lapids
468 3677 573 3714 necesse
592 3670 630 3714 est
647 3663 726 3713 fuerit
744 3672 793 3717 ret
816 3662 941 3713 similisve
958 3669 1021 3713 note
1039 3664 1188 3714 numeralis.

142 3758 167 3828 ²)
187 3758 361 3812 Accusatirus
379 3773 477 3807 manum
495 3759 592 3823 pendet
610 3773 626 3807 a
644 3757 803 3808 substantivo
817 3756 913 3806 verbali
932 3757 1047 3820 tractim
1068 3759 1103 3808 ita
1122 3759 1192 3808 enim
1211 3758 1398 3810 emendandum

76 3861 114 3902 est
148 3853 252 3906 Similia
279 3859 307 3900 et
333 3849 402 3915 apud
438 3859 527 3916 poetas
560 3849 674 3902 Graecos
700 3849 795 3914 passim
823 3850 984 3914 reperiuntur
1015 3857 1041 3900 et
1075 3851 1182 3902 Plautus
1224 3866 1325 3917 quoque
1361 3853 1398 3902 sic

75 3945 161 3996 locutus
188 3953 228 3996 est
255 3943 542 4006 talussiacum:
571 3940 633 4008 quet
659 3939 706 3991 tide'
732 3955 784 4002 uos,
809 3939 919 3992 modice
937 3940 1015 4004 tomo,
1045 3943 1164 3993 taetioet!
1200 3944 1398 4010 Amphitruonis

77 4037 120 4087 tte
135 4039 187 4089 nt:
214 4037 279 4106 prid
306 4037 354 4088 tibi
375 4036 441 4088 ltcuc
464 4035 588 4086 curatiore
605 4036 672 4084 rem!
710 4033 820 4084 casinae
841 4035 864 4095 2,
880 4035 905 4096 6,
921 4034 972 4085 56:
998 4035 1060 4101 quid
1078 4033 1125 4084 titi
1143 4037 1220 4086 tactio
1241 4034 1305 4086 duce
1324 4035 1397 4101 fuiti

78 4131 231 4197 similiterque
256 4131 316 4181 aliis
334 4131 399 4181 locis
423 4129 493 4192 (ride
512 4127 672 4192 Drsegernm
696 4124 784 4176 tiator.
805 4123 904 4191 Syriae
927 4124 972 4177 der
997 4128 1042 4178 lut.
1067 4125 1182 4196 Sprcede
1202 4132 1226 4190 l,
1242 4128 1314 4189 330).
1361 4129 1399 4178 At

79 4237 126 4272 mm
143 4223 249 4274 Plautus
275 4237 307 4273 ea
324 4223 410 4273 forma
428 4222 464 4271 ibi
484 4218 663 4270 tantummodo
682 4225 775 4280 utatur,
800 4219 845 4268 ubi
869 4226 896 4268 et
912 4220 1044 4284 praeeedit
1063 4219 1125 4287 quid
1143 4222 1352 4286 interrogativum
1372 4227 1398 4270 et

77 4317 176 4378 seqnitur
208 4315 317 4366 verbnm
345 4314 549 4374 substantivum,
577 4312 605 4362 in
631 4311 681 4360 hoe
704 4311 778 4360 titulo
806 4318 834 4359 nt
865 4311 893 4360 id
923 4313 1007 4378 ipsum
1032 4315 1161 4378 sequitur,
1191 4314 1228 4363 ita
1257 4310 1319 4378 quid
1342 4326 1395 4361 non

79 4409 208 4470 praeeedit,
234 4423 284 4459 nec
308 4408 362 4458 iam
386 4406 493 4456 dubium
518 4411 558 4454 est
574 4404 641 4453 hanc
664 4403 805 4453 rectionem
830 4417 882 4453 ncn
907 4403 1063 4455 Graecismis
1087 4405 1306 4455 adnumerandam
1331 4418 1396 4466 esse,

78 4499 160 4550 sedin
183 4508 286 4552 vetusto
310 4513 430 4550 sermone
458 4499 553 4548 Latium
575 4497 717 4560 legitimum
740 4495 825 4546 locum
849 4495 1000 4547 obtinuisse.
1037 4499 1094 4548 Hoc
1120 4513 1176 4548 eum
1202 4496 1322 4548 Plautino
1347 4512 1395 4546 usu

79 4593 193 4654 mevenit,
212 4593 284 4659 quod
301 4592 377 4658 posui
401 4591 428 4640 iu
451 4591 502 4640 inm
518 4605 615 4639 murum
633 4587 733 4638 iniectio
751 4585 829 4647 estod,
859 4595 888 4637 ut
905 4589 932 4638 in
956 4605 1009 4638 eum
1027 4595 1129 4655 regatur
1146 4605 1162 4640 a
1180 4589 1258 4639 verbo
1278 4589 1394 4639 substan·

79 4683 134 4746 tir03
171 4687 291 4736 similiter
316 4685 345 4734 in
376 4684 501 4734 sententia
534 4679 596 4748 quid
623 4677 671 4730 titt
703 4678 770 4730 duce
802 4680 924 4748 eurotioet
948 4683 1016 4732 rem?
1048 4682 1148 4733 dativus
1175 4681 1271 4747 pendet
1296 4680 1329 4731 ab
1357 4688 1396 4732 ert

80 4777 197 4840 rossus,
217 4777 380 4834 accusativus
399 4791 415 4826 a
434 4776 557 4826 curando.

143 4867 167 4932 ¹)
196 4869 294 4923 Gaium
312 4869 371 4920 loco
389 4869 468 4920 simili
486 4869 512 4934 4,
529 4869 572 4929 82,
592 4879 667 4932 quem
694 4866 730 4916 sie
749 4866 852 4930 excepit
870 4867 1083 4920 Studemundius:
1115 4883 1169 4918 cum
1193 4867 1251 4918 olim
1269 4883 1317 4934 quo
1336 4872 1393 4917 tem·

78 4973 131 5022 pere
147 4961 208 5027 lepris
227 4963 341 5014 actiones
364 4961 391 5010 in
414 4977 460 5012 uret
477 4961 591 5026 ficissent
609 4958 691 5022 aluno
710 4957 806 5008 romine
829 4973 906 5025 apere
929 4977 978 5010 non
1002 4959 1088 5011 liceret
1104 4975 1188 5027 prope
1206 4959 1238 5022 (t)
1261 4975 1333 5026 quum
1352 4975 1393 5009 er-

80 5053 146 5116 ceptis
162 5055 254 5117 emate,
274 5060 383 5121 apparet
399 5055 436 5106 sic
454 5054 598 5120 scripsisse:
618 5067 668 5102 uon
688 5051 774 5103 liceret
789 5059 969 5121 portetquum
993 5067 1024 5103 ee
1041 5053 1117 5104 cete
1135 5052 1220 5104 caucis
1242 5067 1326 5118 neque
1349 5066 1393 5103 eas

82 5143 138 5208 ips
155 5148 275 5200 multae.
