<?xml version="1.0" encoding="UTF-8"?>
<!DOCTYPE html PUBLIC "-//W3C//DTD XHTML 1.0 Transitional//EN"
    "http://www.w3.org/TR/xhtml1/DTD/xhtml1-transitional.dtd">
<html xmlns="http://www.w3.org/1999/xhtml" xml:lang="en" lang="en">
 <head>
  <title>
</title>
<meta http-equiv="Content-Type" content="text/html;charset=utf-8" />
  <meta name='ocr-system' content='tesseract 3.04.00' />
  <meta name='ocr-capabilities' content='ocr_page ocr_carea ocr_par ocr_line ocrx_word'/>
</head>
<body>
  <div class='ocr_page' id='page_1' title='image "./ephemerisepigra17instgoog_0096.png"; bbox 0 0 3580 5938; ppageno 0'>
   <div class='ocr_carea' id='block_1_1' title="bbox 507 569 1391 660">
    <p class='ocr_par' dir='ltr' id='par_1_1' title="bbox 507 569 1391 660">
     <span class='ocr_line' id='line_1_1' title="bbox 507 569 1391 660; baseline 0 -22"><span class='ocrx_word' id='word_1_1' title='bbox 507 587 666 649; x_wconf 79' lang='lat' dir='ltr'>Qvnsrsr.</span> <span class='ocrx_word' id='word_1_2' title='bbox 687 588 904 639; x_wconf 75' lang='lat' dir='ltr'>ouousuou.</span> <span class='ocrx_word' id='word_1_3' title='bbox 925 590 949 638; x_wconf 84' lang='lat'>1.</span> <span class='ocrx_word' id='word_1_4' title='bbox 1343 569 1391 660; x_wconf 74' lang='grc'>85</span> 
     </span>
    </p>
   </div>
   <div class='ocr_carea' id='block_1_2' title="bbox 79 759 1393 1047">
    <p class='ocr_par' dir='ltr' id='par_1_2' title="bbox 79 759 1393 1047">
     <span class='ocr_line' id='line_1_2' title="bbox 153 759 1393 839; baseline 0.003 -21"><span class='ocrx_word' id='word_1_5' title='bbox 153 759 385 820; x_wconf 81' lang='lat' dir='ltr'>Grammaticsm</span> <span class='ocrx_word' id='word_1_6' title='bbox 408 763 498 839; x_wconf 87' lang='lat' dir='ltr'>igitur</span> <span class='ocrx_word' id='word_1_7' title='bbox 519 763 725 820; x_wconf 82' lang='lat' dir='ltr'>formationem</span> <span class='ocrx_word' id='word_1_8' title='bbox 749 764 775 820; x_wconf 92' lang='lat' dir='ltr'>si</span> <span class='ocrx_word' id='word_1_9' title='bbox 796 761 973 838; x_wconf 81' lang='lat' dir='ltr'>respicimus</span> <span class='ocrx_word' id='word_1_10' title='bbox 996 763 1147 820; x_wconf 86' lang='lat' dir='ltr'><strong>nominum</strong></span> <span class='ocrx_word' id='word_1_11' title='bbox 1170 764 1244 822; x_wconf 87' lang='lat' dir='ltr'>hacc</span> <span class='ocrx_word' id='word_1_12' title='bbox 1262 765 1393 823; x_wconf 89' lang='lat' dir='ltr'>omnium</span> 
     </span>
     <span class='ocr_line' id='line_1_3' title="bbox 82 865 1393 942; baseline 0.002 -21"><span class='ocrx_word' id='word_1_13' title='bbox 82 881 127 921; x_wconf 89' lang='lat' dir='ltr'>usu</span> <span class='ocrx_word' id='word_1_14' title='bbox 153 872 262 920; x_wconf 86' lang='lat' dir='ltr'>tantum</span> <span class='ocrx_word' id='word_1_15' title='bbox 289 865 319 920; x_wconf 95' lang='lat' dir='ltr'>in</span> <span class='ocrx_word' id='word_1_16' title='bbox 342 866 402 922; x_wconf 85' lang='lat' dir='ltr'>trie</span> <span class='ocrx_word' id='word_1_17' title='bbox 424 883 533 941; x_wconf 85' lang='lat' dir='ltr'>genera</span> <span class='ocrx_word' id='word_1_18' title='bbox 555 865 761 923; x_wconf 85' lang='lat' dir='ltr'>distinctorum</span> <span class='ocrx_word' id='word_1_19' title='bbox 784 874 907 942; x_wconf 88' lang='lat' dir='ltr'>apparet</span> <span class='ocrx_word' id='word_1_20' title='bbox 929 885 966 922; x_wconf 86' lang='lat' dir='ltr'>ex</span> <span class='ocrx_word' id='word_1_21' title='bbox 989 866 1164 942; x_wconf 83' lang='lat' dir='ltr'>oppidorum</span> <span class='ocrx_word' id='word_1_22' title='bbox 1188 875 1324 926; x_wconf 90' lang='lat' dir='ltr'>notorum</span> <span class='ocrx_word' id='word_1_23' title='bbox 1348 887 1393 924; x_wconf 89' lang='lat' dir='ltr'>re·</span> 
     </span>
     <span class='ocr_line' id='line_1_4' title="bbox 79 945 1392 1047; baseline 0.005 -26"><span class='ocrx_word' id='word_1_24' title='bbox 79 945 417 1040; x_wconf 59' lang='lat' dir='ltr'>gionunre*n0ninibus</span> <span class='ocrx_word' id='word_1_25' title='bbox 443 987 478 1026; x_wconf 84' lang='lat' dir='ltr'>ca</span> <span class='ocrx_word' id='word_1_26' title='bbox 505 967 640 1026; x_wconf 85' lang='lat' dir='ltr'>derivata</span> <span class='ocrx_word' id='word_1_27' title='bbox 662 986 737 1026; x_wconf 89' lang='lat' dir='ltr'>esse.</span> <span class='ocrx_word' id='word_1_28' title='bbox 783 968 832 1024; x_wconf 84' lang='lat' dir='ltr'>Ad</span> <span class='ocrx_word' id='word_1_29' title='bbox 854 969 967 1043; x_wconf 86' lang='lat' dir='ltr'><strong>primae</strong></span> <span class='ocrx_word' id='word_1_30' title='bbox 990 967 1198 1026; x_wconf 83' lang='lat' dir='ltr'>declinationis</span> <span class='ocrx_word' id='word_1_31' title='bbox 1221 970 1392 1047; x_wconf 86' lang='lat' dir='ltr'>exemplum</span> 
     </span>
    </p>
   </div>
   <div class='ocr_carea' id='block_1_3' title="bbox 79 1068 1393 1147">
    <p class='ocr_par' dir='ltr' id='par_1_3' title="bbox 79 1068 1393 1147">
     <span class='ocr_line' id='line_1_5' title="bbox 79 1068 1393 1147; baseline 0.006 -23"><span class='ocrx_word' id='word_1_32' title='bbox 79 1069 103 1124; x_wconf 95' lang='lat' dir='ltr'>in</span> <span class='ocrx_word' id='word_1_33' title='bbox 127 1088 143 1126; x_wconf 92' lang='lat' dir='ltr'>a</span> <span class='ocrx_word' id='word_1_34' title='bbox 167 1068 296 1125; x_wconf 81' lang='lat' dir='ltr'>formata</span> <span class='ocrx_word' id='word_1_35' title='bbox 321 1078 394 1127; x_wconf 90' lang='lat' dir='ltr'>sunt</span> <span class='ocrx_word' id='word_1_36' title='bbox 420 1071 540 1128; x_wconf 84' lang='lat' dir='ltr'>uomina</span> <span class='ocrx_word' id='word_1_37' title='bbox 567 1071 700 1128; x_wconf 90' lang='lat' dir='ltr'>locorum</span> <span class='ocrx_word' id='word_1_38' title='bbox 728 1071 792 1128; x_wconf 91' lang='lat' dir='ltr'>eius</span> <span class='ocrx_word' id='word_1_39' title='bbox 818 1071 937 1147; x_wconf 84' lang='lat' dir='ltr'>generis</span> <span class='ocrx_word' id='word_1_40' title='bbox 962 1070 1052 1146; x_wconf 86' lang='lat' dir='ltr'>longe</span> <span class='ocrx_word' id='word_1_41' title='bbox 1079 1071 1220 1146; x_wconf 84' lang='lat' dir='ltr'>plurima3</span> <span class='ocrx_word' id='word_1_42' title='bbox 1255 1071 1393 1132; x_wconf 84' lang='lat' dir='ltr'>videlicet</span> 
     </span>
    </p>
   </div>
   <div class='ocr_carea' id='block_1_4' title="bbox 78 1169 368 1246">
    <p class='ocr_par' dir='ltr' id='par_1_4' title="bbox 78 1169 368 1246">
     <span class='ocr_line' id='line_1_6' title="bbox 78 1169 368 1246; baseline 0.007 -20"><span class='ocrx_word' id='word_1_43' title='bbox 78 1169 259 1246; x_wconf 80' lang='lat' dir='ltr'>undetriginta</span> <span class='ocrx_word' id='word_1_44' title='bbox 275 1171 368 1228; x_wconf 83' lang='lat' dir='ltr'>haec:</span> 
     </span>
    </p>
   </div>
   <div class='ocr_carea' id='block_1_5' title="bbox 399 1293 602 2476">
    <p class='ocr_par' dir='ltr' id='par_1_5' title="bbox 399 1293 602 2476">
     <span class='ocr_line' id='line_1_7' title="bbox 471 1293 575 1351; baseline 0.01 -1"><span class='ocrx_word' id='word_1_45' title='bbox 471 1293 575 1351; x_wconf 82' lang='lat' dir='ltr'>Abella</span> 
     </span>
     <span class='ocr_line' id='line_1_8' title="bbox 471 1395 577 1468; baseline -0.019 -15"><span class='ocrx_word' id='word_1_46' title='bbox 471 1395 577 1468; x_wconf 73' lang='lat' dir='ltr'>Aesola</span> 
     </span>
     <span class='ocr_line' id='line_1_9' title="bbox 470 1497 549 1572; baseline 0 -18"><span class='ocrx_word' id='word_1_47' title='bbox 470 1497 549 1572; x_wconf 79' lang='lat' dir='ltr'>Afiia</span> 
     </span>
     <span class='ocr_line' id='line_1_10' title="bbox 470 1599 575 1674; baseline 0.01 -18"><span class='ocrx_word' id='word_1_48' title='bbox 470 1599 575 1674; x_wconf 81' lang='lat' dir='ltr'>Africa</span> 
     </span>
     <span class='ocr_line' id='line_1_11' title="bbox 415 1702 547 1759; baseline 0 -1"><span class='ocrx_word' id='word_1_49' title='bbox 415 1721 426 1758; x_wconf 82' lang='lat' dir='ltr'>s</span> <span class='ocrx_word' id='word_1_50' title='bbox 471 1702 547 1759; x_wconf 81' lang='lat' dir='ltr'>Alba</span> 
     </span>
     <span class='ocr_line' id='line_1_12' title="bbox 469 1805 602 1879; baseline 0.008 -18"><span class='ocrx_word' id='word_1_51' title='bbox 469 1805 602 1879; x_wconf 65' lang='lat' dir='ltr'>Aucusta</span> 
     </span>
     <span class='ocr_line' id='line_1_13' title="bbox 468 1905 547 1963; baseline -0.025 0"><span class='ocrx_word' id='word_1_52' title='bbox 468 1905 547 1963; x_wconf 81' lang='lat' dir='ltr'>Boia</span> 
     </span>
     <span class='ocr_line' id='line_1_14' title="bbox 407 2008 574 2066; baseline 0.006 -1"><span class='ocrx_word' id='word_1_53' title='bbox 407 2037 412 2046; x_wconf 91' lang='lat'><strong>·</strong></span> <span class='ocrx_word' id='word_1_54' title='bbox 466 2008 574 2066; x_wconf 69' lang='lat' dir='ltr'>Busta</span> 
     </span>
     <span class='ocr_line' id='line_1_15' title="bbox 468 2111 553 2168; baseline -0.012 0"><span class='ocrx_word' id='word_1_55' title='bbox 468 2111 553 2168; x_wconf 90' lang='lat' dir='ltr'>Buca</span> 
     </span>
     <span class='ocr_line' id='line_1_16' title="bbox 399 2213 568 2272; baseline 0 -2"><span class='ocrx_word' id='word_1_56' title='bbox 399 2232 424 2270; x_wconf 79' lang='lat' dir='ltr'>ra</span> <span class='ocrx_word' id='word_1_57' title='bbox 470 2213 568 2272; x_wconf 83' lang='lat' dir='ltr'>Caieta</span> 
     </span>
     <span class='ocr_line' id='line_1_17' title="bbox 469 2317 545 2374; baseline -0.039 0"><span class='ocrx_word' id='word_1_58' title='bbox 469 2317 545 2374; x_wconf 83' lang='lat' dir='ltr'>Cara</span> 
     </span>
     <span class='ocr_line' id='line_1_18' title="bbox 470 2418 544 2476; baseline -0.027 0"><span class='ocrx_word' id='word_1_59' title='bbox 470 2418 544 2476; x_wconf 82' lang='lat' dir='ltr'>Casa</span> 
     </span>
    </p>
   </div>
   <div class='ocr_carea' id='block_1_6' title="bbox 467 2520 667 2584">
    <p class='ocr_par' dir='ltr' id='par_1_6' title="bbox 467 2520 667 2584">
     <span class='ocr_line' id='line_1_19' title="bbox 467 2520 667 2584; baseline -0.01 -6"><span class='ocrx_word' id='word_1_60' title='bbox 467 2520 565 2578; x_wconf 81' lang='lat' dir='ltr'>Dacia</span> <span class='ocrx_word' id='word_1_61' title='bbox 664 2577 667 2584; x_wconf 84' lang='grc'><em>,</em></span> 
     </span>
    </p>
   </div>
   <div class='ocr_carea' id='block_1_7' title="bbox 402 2621 585 2781">
    <p class='ocr_par' dir='ltr' id='par_1_7' title="bbox 402 2621 585 2781">
     <span class='ocr_line' id='line_1_20' title="bbox 466 2621 585 2678; baseline 0 0"><span class='ocrx_word' id='word_1_62' title='bbox 466 2621 585 2678; x_wconf 85' lang='lat' dir='ltr'><strong><em>Hadria</em></strong></span> 
     </span>
     <span class='ocr_line' id='line_1_21' title="bbox 402 2721 553 2781; baseline 0 -1"><span class='ocrx_word' id='word_1_63' title='bbox 402 2744 425 2781; x_wconf 80' lang='lat' dir='ltr'>is</span> <span class='ocrx_word' id='word_1_64' title='bbox 470 2721 553 2781; x_wconf 85' lang='lat' dir='ltr'>Luca</span> 
     </span>
    </p>
   </div>
   <div class='ocr_carea' id='block_1_8' title="bbox 67 2913 1383 2993">
    <p class='ocr_par' dir='ltr' id='par_1_8' title="bbox 67 2913 1383 2993">
     <span class='ocr_line' id='line_1_22' title="bbox 67 2913 1383 2993; baseline 0.005 -23"><span class='ocrx_word' id='word_1_65' title='bbox 67 2913 122 2972; x_wconf 79' lang='lat' dir='ltr'>Nisi</span> <span class='ocrx_word' id='word_1_66' title='bbox 148 2917 222 2974; x_wconf 84' lang='lat' dir='ltr'>forte</span> <span class='ocrx_word' id='word_1_67' title='bbox 250 2917 398 2975; x_wconf 82' lang='lat' dir='ltr'>Lucanus</span> <span class='ocrx_word' id='word_1_68' title='bbox 427 2925 458 2975; x_wconf 87' lang='lat' dir='ltr'>ut</span> <span class='ocrx_word' id='word_1_69' title='bbox 485 2917 600 2993; x_wconf 87' lang='lat' dir='ltr'>reliqua</span> <span class='ocrx_word' id='word_1_70' title='bbox 625 2917 689 2975; x_wconf 85' lang='lat' dir='ltr'>eius</span> <span class='ocrx_word' id='word_1_71' title='bbox 719 2917 836 2992; x_wconf 84' lang='lat' dir='ltr'>generis</span> <span class='ocrx_word' id='word_1_72' title='bbox 865 2915 996 2992; x_wconf 83' lang='lat' dir='ltr'>regionis</span> <span class='ocrx_word' id='word_1_73' title='bbox 1026 2915 1176 2973; x_wconf 84' lang='lat' dir='ltr'>Lucaniae</span> <span class='ocrx_word' id='word_1_74' title='bbox 1207 2917 1383 2976; x_wconf 83' lang='lat' dir='ltr'>adiectivum</span> 
     </span>
    </p>
   </div>
   <div class='ocr_carea' id='block_1_9' title="bbox 66 3019 392 3093">
    <p class='ocr_par' dir='ltr' id='par_1_9' title="bbox 66 3019 392 3093">
     <span class='ocr_line' id='line_1_23' title="bbox 66 3019 392 3093; baseline 0.015 -20"><span class='ocrx_word' id='word_1_75' title='bbox 66 3035 120 3075; x_wconf 85' lang='lat' dir='ltr'>esse</span> <span class='ocrx_word' id='word_1_76' title='bbox 140 3019 308 3093; x_wconf 83' lang='lat' dir='ltr'>putandum</span> <span class='ocrx_word' id='word_1_77' title='bbox 335 3027 392 3078; x_wconf 84' lang='lat' dir='ltr'>est.</span> 
     </span>
    </p>
   </div>
   <div class='ocr_carea' id='block_1_10' title="bbox 135 3120 1384 3212">
    <p class='ocr_par' dir='ltr' id='par_1_10' title="bbox 135 3120 1384 3212">
     <span class='ocr_line' id='line_1_24' title="bbox 135 3120 1384 3212; baseline -0.002 -30"><span class='ocrx_word' id='word_1_78' title='bbox 135 3125 180 3212; x_wconf 70' lang='lat' dir='ltr'>Ad</span> <span class='ocrx_word' id='word_1_79' title='bbox 206 3125 266 3182; x_wconf 88' lang='lat' dir='ltr'>hoc</span> <span class='ocrx_word' id='word_1_80' title='bbox 293 3123 452 3181; x_wconf 89' lang='lat' dir='ltr'>nominum</span> <span class='ocrx_word' id='word_1_81' title='bbox 481 3139 575 3198; x_wconf 79' lang='lat' dir='ltr'>genus</span> <span class='ocrx_word' id='word_1_82' title='bbox 602 3123 739 3198; x_wconf 84' lang='lat' dir='ltr'>proxime</span> <span class='ocrx_word' id='word_1_83' title='bbox 761 3121 907 3179; x_wconf 80' lang='lat' dir='ltr'>accedunt</span> <span class='ocrx_word' id='word_1_84' title='bbox 928 3120 1036 3202; x_wconf 67' lang='lat' dir='ltr'>plurali</span> <span class='ocrx_word' id='word_1_85' title='bbox 1059 3129 1173 3178; x_wconf 84' lang='lat' dir='ltr'>tautum</span> <span class='ocrx_word' id='word_1_86' title='bbox 1195 3121 1292 3180; x_wconf 81' lang='lat' dir='ltr'>forms</span> <span class='ocrx_word' id='word_1_87' title='bbox 1313 3131 1384 3180; x_wconf 86' lang='lat' dir='ltr'>nats</span> 
     </span>
    </p>
   </div>
   <div class='ocr_carea' id='block_1_11' title="bbox 65 3227 273 3304">
    <p class='ocr_par' dir='ltr' id='par_1_11' title="bbox 65 3227 273 3304">
     <span class='ocr_line' id='line_1_25' title="bbox 65 3227 273 3304; baseline 0 -22"><span class='ocrx_word' id='word_1_88' title='bbox 65 3227 124 3283; x_wconf 81' lang='lat' dir='ltr'>herc</span> <span class='ocrx_word' id='word_1_89' title='bbox 144 3237 273 3304; x_wconf 79' lang='lat' dir='ltr'>septem:</span> 
     </span>
    </p>
   </div>
   <div class='ocr_carea' id='block_1_12' title="bbox 464 3346 599 3607">
    <p class='ocr_par' dir='ltr' id='par_1_12' title="bbox 464 3346 599 3607">
     <span class='ocr_line' id='line_1_26' title="bbox 465 3346 590 3404; baseline -0.008 -1"><span class='ocrx_word' id='word_1_90' title='bbox 465 3346 590 3404; x_wconf 81' lang='lat' dir='ltr'>Acerrae</span> 
     </span>
     <span class='ocr_line' id='line_1_27' title="bbox 464 3449 560 3506; baseline -0.021 0"><span class='ocrx_word' id='word_1_91' title='bbox 464 3449 560 3506; x_wconf 86' lang='lat' dir='ltr'>Baiae</span> 
     </span>
     <span class='ocr_line' id='line_1_28' title="bbox 464 3550 599 3607; baseline 0 -1"><span class='ocrx_word' id='word_1_92' title='bbox 464 3550 599 3607; x_wconf 81' lang='lat' dir='ltr'>Bovillae</span> 
     </span>
    </p>
   </div>
   <div class='ocr_carea' id='block_1_13' title="bbox 466 3651 569 3710">
    <p class='ocr_par' dir='ltr' id='par_1_13' title="bbox 466 3651 569 3710">
     <span class='ocr_line' id='line_1_29' title="bbox 466 3651 569 3710; baseline -0.01 0"><span class='ocrx_word' id='word_1_93' title='bbox 466 3651 569 3710; x_wconf 84' lang='lat' dir='ltr'>Cumae</span> 
     </span>
    </p>
   </div>
   <div class='ocr_carea' id='block_1_14' title="bbox 759 1293 976 2680">
    <p class='ocr_par' dir='ltr' id='par_1_14' title="bbox 759 1293 976 2680">
     <span class='ocr_line' id='line_1_30' title="bbox 831 1293 943 1369; baseline -0.009 -19"><span class='ocrx_word' id='word_1_94' title='bbox 831 1293 943 1369; x_wconf 82' lang='lat' dir='ltr'>Mesala</span> 
     </span>
     <span class='ocr_line' id='line_1_31' title="bbox 831 1393 976 1472; baseline -0.007 -19"><span class='ocrx_word' id='word_1_95' title='bbox 831 1393 976 1472; x_wconf 70' lang='lat' dir='ltr'>*Muqiila</span> 
     </span>
     <span class='ocr_line' id='line_1_32' title="bbox 829 1497 908 1555; baseline 0.013 -1"><span class='ocrx_word' id='word_1_96' title='bbox 829 1497 908 1555; x_wconf 86' lang='lat' dir='ltr'>Nola</span> 
     </span>
     <span class='ocr_line' id='line_1_33' title="bbox 828 1600 931 1657; baseline 0.01 -1"><span class='ocrx_word' id='word_1_97' title='bbox 828 1600 931 1657; x_wconf 86' lang='lat' dir='ltr'>Narba</span> 
     </span>
     <span class='ocr_line' id='line_1_34' title="bbox 761 1703 916 1759; baseline 0 -1"><span class='ocrx_word' id='word_1_98' title='bbox 761 1719 787 1758; x_wconf 80' lang='lat' dir='ltr'>ea</span> <span class='ocrx_word' id='word_1_99' title='bbox 830 1703 916 1759; x_wconf 84' lang='lat' dir='ltr'>Noua</span> 
     </span>
     <span class='ocr_line' id='line_1_35' title="bbox 830 1805 923 1862; baseline 0 0"><span class='ocrx_word' id='word_1_100' title='bbox 830 1805 923 1862; x_wconf 82' lang='lat' dir='ltr'>Roma</span> 
     </span>
     <span class='ocr_line' id='line_1_36' title="bbox 832 1906 908 1965; baseline -0.053 0"><span class='ocrx_word' id='word_1_101' title='bbox 832 1906 908 1965; x_wconf 86' lang='lat' dir='ltr'>Sara</span> 
     </span>
     <span class='ocr_line' id='line_1_37' title="bbox 831 2009 928 2070; baseline -0.041 0"><span class='ocrx_word' id='word_1_102' title='bbox 831 2009 928 2070; x_wconf 83' lang='lat' dir='ltr'>Suasa</span> 
     </span>
     <span class='ocr_line' id='line_1_38' title="bbox 829 2112 949 2186; baseline -0.017 -16"><span class='ocrx_word' id='word_1_103' title='bbox 829 2112 949 2186; x_wconf 81' lang='lat' dir='ltr'>Tempsa</span> 
     </span>
     <span class='ocr_line' id='line_1_39' title="bbox 759 2215 908 2273; baseline 0 -3"><span class='ocrx_word' id='word_1_104' title='bbox 759 2231 784 2273; x_wconf 80' lang='lat' dir='ltr'>es</span> <span class='ocrx_word' id='word_1_105' title='bbox 828 2215 908 2272; x_wconf 83' lang='lat' dir='ltr'>Tisia</span> 
     </span>
     <span class='ocr_line' id='line_1_40' title="bbox 829 2316 919 2374; baseline 0 -2"><span class='ocrx_word' id='word_1_106' title='bbox 829 2316 919 2374; x_wconf 82' lang='lat' dir='ltr'>Treba</span> 
     </span>
     <span class='ocr_line' id='line_1_41' title="bbox 828 2417 949 2474; baseline -0.008 0"><span class='ocrx_word' id='word_1_107' title='bbox 828 2417 949 2474; x_wconf 79' lang='lat' dir='ltr'>Trebula</span> 
     </span>
     <span class='ocr_line' id='line_1_42' title="bbox 832 2520 926 2578; baseline -0.011 0"><span class='ocrx_word' id='word_1_108' title='bbox 832 2520 926 2578; x_wconf 82' lang='lat' dir='ltr'>Varia</span> 
     </span>
     <span class='ocr_line' id='line_1_43' title="bbox 835 2622 949 2680; baseline 0 0"><span class='ocrx_word' id='word_1_109' title='bbox 835 2622 949 2680; x_wconf 82' lang='lat' dir='ltr'>Vitellia</span> 
     </span>
    </p>
   </div>
   <div class='ocr_carea' id='block_1_15' title="bbox 769 3343 972 3605">
    <p class='ocr_par' dir='ltr' id='par_1_15' title="bbox 769 3343 972 3605">
     <span class='ocr_line' id='line_1_44' title="bbox 769 3343 966 3402; baseline -0.005 -1"><span class='ocrx_word' id='word_1_110' title='bbox 769 3362 780 3401; x_wconf 83' lang='lat' dir='ltr'>s</span> <span class='ocrx_word' id='word_1_111' title='bbox 823 3343 966 3402; x_wconf 76' lang='lat' dir='ltr'>Faesulae</span> 
     </span>
     <span class='ocr_line' id='line_1_45' title="bbox 825 3445 972 3520; baseline 0 -18"><span class='ocrx_word' id='word_1_112' title='bbox 825 3445 972 3520; x_wconf 71' lang='lat' dir='ltr'>bbeqellae</span> 
     </span>
     <span class='ocr_line' id='line_1_46' title="bbox 828 3547 951 3605; baseline 0 0"><span class='ocrx_word' id='word_1_113' title='bbox 828 3547 951 3605; x_wconf 86' lang='lat' dir='ltr'>Verulae</span> 
     </span>
    </p>
   </div>
   <div class='ocr_carea' id='block_1_16' title="bbox 63 3842 1384 4022">
    <p class='ocr_par' dir='ltr' id='par_1_16' title="bbox 63 3842 1384 4022">
     <span class='ocr_line' id='line_1_47' title="bbox 65 3842 1384 3920; baseline 0 -20"><span class='ocrx_word' id='word_1_114' title='bbox 65 3845 91 3902; x_wconf 87' lang='lat' dir='ltr'>in</span> <span class='ocrx_word' id='word_1_115' title='bbox 113 3867 127 3904; x_wconf 87' lang='lat' dir='ltr'>a</span> <span class='ocrx_word' id='word_1_116' title='bbox 150 3867 221 3906; x_wconf 84' lang='lat' dir='ltr'>vero</span> <span class='ocrx_word' id='word_1_117' title='bbox 251 3848 292 3906; x_wconf 87' lang='lat' dir='ltr'>ad</span> <span class='ocrx_word' id='word_1_118' title='bbox 323 3845 459 3904; x_wconf 83' lang='lat' dir='ltr'>neutrius</span> <span class='ocrx_word' id='word_1_119' title='bbox 486 3845 604 3920; x_wconf 84' lang='lat' dir='ltr'>generis</span> <span class='ocrx_word' id='word_1_120' title='bbox 627 3843 840 3902; x_wconf 78' lang='lat' dir='ltr'>uocabulorum</span> <span class='ocrx_word' id='word_1_121' title='bbox 869 3844 1016 3900; x_wconf 83' lang='lat' dir='ltr'>secundae</span> <span class='ocrx_word' id='word_1_122' title='bbox 1044 3842 1253 3902; x_wconf 83' lang='lat' dir='ltr'>declinationis</span> <span class='ocrx_word' id='word_1_123' title='bbox 1281 3861 1384 3915; x_wconf 80' lang='lat' dir='ltr'>enem-¹</span> 
     </span>
     <span class='ocr_line' id='line_1_48' title="bbox 63 3947 678 4022; baseline -0.007 -15"><span class='ocrx_word' id='word_1_124' title='bbox 63 3948 130 4022; x_wconf 86' lang='lat' dir='ltr'>pium</span> <span class='ocrx_word' id='word_1_125' title='bbox 150 3950 281 4009; x_wconf 79' lang='lat' dir='ltr'>formata</span> <span class='ocrx_word' id='word_1_126' title='bbox 304 3955 382 4008; x_wconf 84' lang='lat' dir='ltr'>sunt</span> <span class='ocrx_word' id='word_1_127' title='bbox 402 3947 568 4022; x_wconf 90' lang='lat' dir='ltr'>quindecim</span> <span class='ocrx_word' id='word_1_128' title='bbox 590 3947 678 4005; x_wconf 90' lang='lat' dir='ltr'>haec:</span> 
     </span>
    </p>
   </div>
   <div class='ocr_carea' id='block_1_17' title="bbox 756 4135 991 4822">
    <p class='ocr_par' dir='ltr' id='par_1_17' title="bbox 756 4135 991 4822">
     <span class='ocr_line' id='line_1_49' title="bbox 823 4135 991 4194; baseline -0.006 -2"><span class='ocrx_word' id='word_1_129' title='bbox 823 4135 991 4194; x_wconf 83' lang='lat' dir='ltr'>Nomentum</span> 
     </span>
     <span class='ocr_line' id='line_1_50' title="bbox 756 4237 958 4295; baseline 0 -1"><span class='ocrx_word' id='word_1_130' title='bbox 756 4257 782 4295; x_wconf 82' lang='lat' dir='ltr'>ro</span> <span class='ocrx_word' id='word_1_131' title='bbox 824 4237 932 4295; x_wconf 86' lang='lat' dir='ltr'>Pedum</span> <span class='ocrx_word' id='word_1_132' title='bbox 957 4275 958 4286; x_wconf 27' lang='grc' dir='ltr'><strong>κ</strong></span> 
     </span>
     <span class='ocr_line' id='line_1_51' title="bbox 825 4340 959 4398; baseline -0.022 -1"><span class='ocrx_word' id='word_1_133' title='bbox 825 4340 959 4398; x_wconf 86' lang='lat' dir='ltr'>Paestum</span> 
     </span>
     <span class='ocr_line' id='line_1_52' title="bbox 825 4441 967 4500; baseline -0.014 0"><span class='ocrx_word' id='word_1_134' title='bbox 825 4441 967 4500; x_wconf 78' lang='lat' dir='ltr'>Satricum</span> 
     </span>
     <span class='ocr_line' id='line_1_53' title="bbox 826 4543 923 4602; baseline -0.021 0"><span class='ocrx_word' id='word_1_135' title='bbox 826 4543 923 4602; x_wconf 84' lang='lat' dir='ltr'>Solum</span> 
     </span>
     <span class='ocr_line' id='line_1_54' title="bbox 828 4645 979 4705; baseline -0.02 0"><span class='ocrx_word' id='word_1_136' title='bbox 828 4645 979 4705; x_wconf 74' lang='lat' dir='ltr'>Taraciam</span> 
     </span>
     <span class='ocr_line' id='line_1_55' title="bbox 758 4748 984 4822; baseline -0.009 -15"><span class='ocrx_word' id='word_1_137' title='bbox 758 4768 782 4807; x_wconf 79' lang='lat' dir='ltr'>is</span> <span class='ocrx_word' id='word_1_138' title='bbox 833 4748 984 4822; x_wconf 80' lang='lat' dir='ltr'>Venafrum</span> 
     </span>
    </p>
   </div>
   <div class='ocr_carea' id='block_1_18' title="bbox 410 4137 652 4910">
    <p class='ocr_par' dir='ltr' id='par_1_18' title="bbox 410 4137 652 4910">
     <span class='ocr_line' id='line_1_56' title="bbox 464 4137 624 4222; baseline 0.006 -28"><span class='ocrx_word' id='word_1_139' title='bbox 464 4137 624 4222; x_wconf 17' lang='lat' dir='ltr'>Aeclanum*</span> 
     </span>
     <span class='ocr_line' id='line_1_57' title="bbox 464 4239 593 4315; baseline -0.008 -18"><span class='ocrx_word' id='word_1_140' title='bbox 464 4239 593 4315; x_wconf 81' lang='lat' dir='ltr'>Aequum</span> 
     </span>
     <span class='ocr_line' id='line_1_58' title="bbox 464 4342 591 4418; baseline -0.016 -19"><span class='ocrx_word' id='word_1_141' title='bbox 464 4342 591 4418; x_wconf 81' lang='lat' dir='ltr'>Apulum</span> 
     </span>
     <span class='ocr_line' id='line_1_59' title="bbox 464 4445 652 4502; baseline -0.011 0"><span class='ocrx_word' id='word_1_142' title='bbox 464 4445 652 4502; x_wconf 80' lang='lat' dir='ltr'>Beneventum</span> 
     </span>
     <span class='ocr_line' id='line_1_60' title="bbox 410 4548 626 4604; baseline -0.009 0"><span class='ocrx_word' id='word_1_143' title='bbox 410 4567 422 4604; x_wconf 77' lang='lat' dir='ltr'>s</span> <span class='ocrx_word' id='word_1_144' title='bbox 465 4548 626 4604; x_wconf 80' lang='lat' dir='ltr'>Bovianum</span> 
     </span>
     <span class='ocr_line' id='line_1_61' title="bbox 466 4649 633 4707; baseline -0.018 0"><span class='ocrx_word' id='word_1_145' title='bbox 466 4649 633 4707; x_wconf 81' lang='lat' dir='ltr'>Carventum</span> 
     </span>
     <span class='ocr_line' id='line_1_62' title="bbox 465 4751 592 4808; baseline -0.008 0"><span class='ocrx_word' id='word_1_146' title='bbox 465 4751 592 4808; x_wconf 71' lang='lat' dir='ltr'>birinum</span> 
     </span>
     <span class='ocr_line' id='line_1_63' title="bbox 465 4852 602 4910; baseline -0.007 0"><span class='ocrx_word' id='word_1_147' title='bbox 465 4852 602 4910; x_wconf 85' lang='lat' dir='ltr'>Labicum</span> 
     </span>
    </p>
   </div>
   <div class='ocr_carea' id='block_1_19' title="bbox 65 5060 870 5127">
    <p class='ocr_par' dir='ltr' id='par_1_19' title="bbox 65 5060 870 5127">
     <span class='ocr_line' id='line_1_64' title="bbox 65 5060 870 5127; baseline -0.005 -8"><span class='ocrx_word' id='word_1_148' title='bbox 65 5063 201 5127; x_wconf 74' lang='lat' dir='ltr'>secedunt</span> <span class='ocrx_word' id='word_1_149' title='bbox 223 5064 399 5127; x_wconf 82' lang='lat' dir='ltr'>masculina</span> <span class='ocrx_word' id='word_1_150' title='bbox 420 5062 550 5120; x_wconf 89' lang='lat' dir='ltr'>eiusdem</span> <span class='ocrx_word' id='word_1_151' title='bbox 572 5060 759 5120; x_wconf 83' lang='lat' dir='ltr'>formationis</span> <span class='ocrx_word' id='word_1_152' title='bbox 781 5060 870 5118; x_wconf 83' lang='lat' dir='ltr'>haec:</span> 
     </span>
    </p>
   </div>
   <div class='ocr_carea' id='block_1_20' title="bbox 333 5248 1098 5331">
    <p class='ocr_par' dir='ltr' id='par_1_20' title="bbox 333 5248 1098 5331">
     <span class='ocr_line' id='line_1_65' title="bbox 333 5248 1098 5331; baseline -0.009 -18"><span class='ocrx_word' id='word_1_153' title='bbox 333 5252 439 5331; x_wconf 80' lang='lat' dir='ltr'>Equus</span> <span class='ocrx_word' id='word_1_154' title='bbox 462 5251 576 5312; x_wconf 82' lang='lat' dir='ltr'>Tuticus</span> <span class='ocrx_word' id='word_1_155' title='bbox 731 5248 846 5310; x_wconf 83' lang='lat' dir='ltr'>Gaurus</span> <span class='ocrx_word' id='word_1_156' title='bbox 1000 5249 1098 5307; x_wconf 84' lang='lat' dir='ltr'>Padus</span> 
     </span>
    </p>
   </div>
   <div class='ocr_carea' id='block_1_21' title="bbox 0 0 1794 5938">
    <p class='ocr_par' dir='ltr' id='par_1_21' title="bbox 0 0 1794 5938">
     <span class='ocr_line' id='line_1_66' title="bbox 0 0 1794 5938; baseline 0 3"><span class='ocrx_word' id='word_1_157' title='bbox 0 0 1794 5938; x_wconf 95' lang='lat' dir='ltr'> </span> 
     </span>
    </p>
   </div>
  </div>
 </body>
</html>
