3530 5932
380 530 427 600 98
991 551 1096 604 aossr

460 724 496 784 V.
516 726 645 783 11-13.
689 725 832 796 Latinas,
862 734 932 802 post
953 726 1080 802 primam
1104 745 1205 785 earum
1229 727 1459 786 celebrationem
1480 727 1544 786 Illl
1567 729 1621 787 eid.
1636 728 1685 786 lan.

376 828 484 885 iterum
500 827 547 885 Ill
562 846 631 886 nou.
648 827 748 900 Febr,
772 829 860 886 tertio
884 828 945 886 kal.
962 828 1033 885 Mai.
1054 827 1123 903 (sic,
1146 847 1207 887 non
1228 845 1310 899 nats,
1333 830 1362 886 in
1384 831 1432 886 his
1455 829 1542 888 lastis
1563 842 1687 907 perpetuo

377 930 540 1006 scriptum)
568 930 625 987 hoc
651 948 730 988 anno
757 931 942 990 instauratas
965 931 1102 988 versibus
1127 929 1174 1004 12,
1200 933 1237 989 13
1265 933 1412 1008 sagaciter
1439 931 1585 1010 suppletis
1605 932 1688 990 docuit

375 1031 545 1090 Henzenus.
591 1030 681 1105 Quod
703 1051 772 1090 vero
796 1051 897 1092 mense
919 1032 1058 1091 ianuario
1081 1033 1226 1111 singulari
1249 1034 1389 1110 exemplo
1410 1034 1522 1092 latinae
1550 1035 1605 1092 hoc
1624 1055 1687 1093 suno

323 1210 326 1216 1
377 1135 437 1192 sint
458 1135 640 1205 celebratae,
669 1134 700 1192 id
722 1155 738 1192 e
759 1152 951 1192 romanorum
974 1135 1201 1212 magistratuum
1229 1136 1355 1194 historia
1380 1136 1499 1212 plenam
1528 1138 1631 1214 accipit
1652 1139 1687 1195 lu-

376 1255 450 1295 cem.
483 1236 686 1295 Decemvirali
708 1237 786 1296 enirn
809 1237 934 1313 imperio
957 1237 1113 1313 abrogato,
1134 1237 1284 1295 consulari
1306 1238 1456 1308 restituto,
1478 1239 1548 1296 novi
1567 1241 1687 1298 consules

374 1337 536 1398 Decembri
557 1357 661 1398 mense
676 1349 764 1398 extra
785 1339 919 1396 ordinem
936 1349 1007 1398 suut
1021 1312 1113 1397 crciari
1136 1338 1328 1414 (Mommsen,
1350 1337 1469 1398 Hermes
1490 1341 1513 1399 l,
1526 1361 1552 1400 c.
1570 1361 1598 1418 p.
1614 1342 1686 1416 381):

375 1441 485 1518 iisque,
514 1441 572 1499 nisi
600 1441 701 1500 latinis
727 1442 873 1520 peractis,
901 1442 933 1498 in
955 1442 1128 1518 ingruentes
1153 1441 1257 1502 hostes
1285 1442 1436 1522 proficisci
1464 1443 1584 1502 minime
1609 1445 1686 1502 licuit

376 1541 439 1602 Gur
465 1544 573 1602 iterum
600 1552 630 1602 et
655 1545 743 1602 tertio
769 1545 955 1602 instauratae
981 1543 1075 1602 leriae
1101 1543 1176 1615 sint,
1204 1551 1303 1602 utrum
1329 1544 1409 1620 quod
1437 1545 1550 1621 primae
1576 1546 1687 1622 itemque

375 1645 486 1705 alterae
514 1647 640 1705 vitiosae
669 1647 798 1705 fuissent
829 1665 866 1704 an
894 1647 933 1705 ob
962 1663 1125 1722 prosperos
1154 1663 1312 1706 successus
1344 1647 1481 1722 publicae
1513 1649 1687 1724 supplicatio·

373 1749 421 1807 nis
444 1749 549 1824 gratia,
572 1769 610 1807 ne
624 1749 690 1826 ipso
704 1747 825 1824 quidem
840 1747 1045 1807 Mommsenus
1067 1748 1166 1826 potuit
1181 1748 1303 1807 definire
1325 1747 1360 1823 (l.
1376 1767 1400 1806 c.
1424 1769 1453 1825 p.
1467 1749 1554 1826 384).
1586 1750 1687 1809 Trium·

374 1851 501 1926 phorum
524 1861 603 1910 certe
624 1869 717 1910 causa
737 1850 875 1910 decretae
902 1850 973 1908 illae
1000 1868 1059 1908 non
1082 1858 1165 1922 sunt3
1192 1850 1291 1909 idibus
1313 1851 1390 1909 enim
1414 1847 1580 1911 Sextilibus
1600 1851 1687 1910 etVll

373 1953 433 2012 kal.
450 1952 531 2029 Sept.
554 1953 643 2013 huius
665 1955 735 2012 anni
761 1953 927 2029 triumphos
954 1952 1107 2028 capitolini
1135 1953 1250 2031 lapides
1278 1953 1446 2030 adsignant.
1491 1953 1643 2014 Odericius
1665 1972 1687 2012 et

373 2055 518 2115 Marinius
541 2055 728 2127 dubitarunt,
754 2073 825 2112 num
846 2055 893 2113 his
915 2055 1003 2114 fastis
1024 2053 1116 2113 feriae
1139 2063 1254 2113 tantum
1276 2056 1546 2132 extraordinariae,
1571 2077 1687 2134 praeser-

373 2159 426 2217 tim
448 2159 655 2236 triumphales,
678 2177 737 2217 non
751 2177 824 2216 vero
843 2157 979 2228 annales,
1000 2157 1112 2215 fuerint
1132 2157 1304 2232 inscriptae.
1338 2157 1434 2217 Novis
1457 2179 1536 2218 nuuc
1557 2160 1688 2240 fragmen·

373 2261 412 2319 tis
434 2262 561 2338 repertis
584 2280 644 2320 non
668 2259 757 2320 modo
778 2281 815 2319 ea
836 2260 981 2318 dubitatio
1003 2267 1050 2318 est
1071 2268 1135 2318 tota
1157 2261 1285 2332 sublata,
1311 2259 1366 2318 scd
1386 2273 1543 2338 praeterea
1563 2263 1688 2322 discimus

374 2364 542 2424 ordinarias
570 2364 687 2442 pariterx
710 2372 740 2421 et
761 2363 1016 2421 extraordinarias
1042 2362 1134 2421 ferias
1160 2363 1191 2420 in
1212 2363 1267 2422 has
1288 2363 1408 2421 tabulas
1430 2365 1541 2424 relatas
1563 2385 1626 2425 esse
1646 2366 1689 2439 (ci.

372 2467 541 2527 Mommsen
569 2467 589 2525 l.
613 2485 638 2525 c.
661 2487 689 2542 p.
708 2463 786 2541 383)
814 2482 975 2540 earumque
1002 2466 1176 2524 memoriam
1207 2483 1226 2523 a
1252 2464 1441 2525 decemvirali
1476 2466 1581 2526 saltem
1605 2475 1689 2528 aetate

372 2568 403 2629 in
426 2571 597 2646 pontificum
619 2568 705 2627 libris
726 2567 883 2645 diligenter
903 2585 973 2626 esse
994 2576 1154 2626 servatam.

457 2671 605 2731 Columna
626 2670 659 2728 ll
688 2690 715 2728 r.
738 2670 836 2728 4-7.
880 2669 1014 2728 Alterius
1041 2669 1196 2729 columnae
1224 2671 1276 2728 vix
1303 2683 1465 2749 supersunt
1496 2673 1613 2732 litterae
1637 2687 1689 2730 τιι-

374 2791 425 2834 sv.
438 2817 466 2832 ..
491 2776 533 2832 ita
554 2784 599 2834 ter
620 2774 775 2851 repetitae,
798 2779 832 2829 ut
853 2781 914 2830 tres
936 2771 1093 2830 continuos
1117 2790 1213 2831 annos
1235 2783 1468 2849 repraesentent.
1503 2775 1554 2834 Ad
1574 2776 1626 2834 illa
1643 2775 1689 2852 igi·

371 2891 422 2936 tur
446 2885 580 2952 tempora
605 2878 679 2935 haec
700 2876 845 2934 fastorum
868 2891 940 2950 pars
967 2875 1109 2951 pertinet,
1137 2875 1246 2950 quibus
1268 2876 1380 2935 tribuni
1401 2877 1530 2936 militum
1553 2863 1689 2938 consulari

372 2988 519 3057 potestate
546 2981 636 3053 terni,
669 2977 822 3056 quaterni,
855 2978 934 3048 seni,
968 2977 1069 3036 octoni
1093 2977 1186 3054 longa
1212 2997 1358 3038 annorum
1386 2980 1463 3039 serie
1489 2981 1690 3058 rempublicam

369 3102 489 3142 rexere:
513 3101 639 3160 quorum
660 3081 793 3151 nomina,
815 3077 1063 3156 quemadmodum
1084 3089 1115 3139 et
1134 3081 1344 3154 decemvirum,
1366 3083 1552 3159 prolixitatis
1567 3082 1691 3142 vitandae

297 3185 299 3193 ’
370 3185 468 3264 gratia
494 3187 551 3244 hae
572 3185 691 3244 tabulae
718 3189 918 3261 praetereunt.
964 3179 1113 3241 Continuo
1136 3184 1264 3243 triennio
1286 3185 1398 3244 tribuni
1423 3185 1553 3245 militum
1577 3187 1691 3263 primum

370 3288 463 3346 creati
484 3288 570 3346 annis
593 3284 782 3358 atu-3223
811 3283 918 3343 deinde
945 3285 983 3342 ab
1005 3303 1085 3342 anno
1108 3285 1167 3345 328
1190 3287 1227 3344 ad
1252 3286 1311 3346 387
1334 3306 1403 3346 raro
1426 3289 1554 3346 reditum
1577 3287 1613 3346 sd
1633 3305 1691 3344 cou-

371 3389 450 3449 soles
479 3398 533 3449 est.
576 3389 666 3449 Prior
692 3389 782 3467 igitur
808 3387 915 3446 horum
942 3386 1088 3445 fastorum
1116 3388 1254 3448 columna
1281 3390 1318 3448 ab
1346 3408 1424 3449 anno
1447 3389 1507 3449 303
1537 3389 1574 3448 ad
1595 3405 1691 3448 aunum

368 3493 518 3570 processit
544 3512 604 3551 non
632 3492 711 3552 infra
733 3490 809 3562 319,
838 3508 898 3549 non
928 3489 1008 3547 ultra
1032 3489 1103 3548 384.
1147 3491 1223 3549 Earn
1250 3500 1350 3551 tamen
1379 3491 1524 3551 mediocri
1551 3490 1691 3550 altitudine

369 3595 464 3655 fuisse
488 3595 651 3655 litterarum
667 3593 807 3654 modulus
829 3592 860 3650 in
882 3592 951 3668 ipsa
971 3609 1092 3678 quoque
1108 3610 1226 3653 summa
1247 3594 1483 3671 praescriptione
1506 3595 1632 3672 exiguus
1650 3592 1691 3649 de·

369 3697 568 3775 monstrat1).

454 3800 512 3860 Illa
533 3801 642 3860 certius
665 3800 781 3860 definiri
802 3819 946 3860 mensura
965 3810 1079 3878 potest,
1109 3819 1169 3878 qua
1189 3799 1301 3876 pagina
1314 3798 1378 3858 ¹fuit
1399 3819 1548 3859 annorum
1569 3795 1691 3858 exeuntis

370 3903 483 3964 saeculi
506 3922 525 3962 a
546 3901 667 3963 Christo
690 3903 787 3979 primi,
810 3904 941 3962 ineuntis
963 3902 1098 3962 secundi.
1130 3903 1167 3962 Iu
1188 3903 1275 3962 binas
1298 3903 1379 3961 enim
1401 3901 1557 3962 columnae
1577 3899 1691 3978 partitae

369 4016 455 4066 erant
476 4006 570 4066 feriae
592 4024 738 4064 annorum
761 4005 895 4076 ‘ll—74,
920 4003 1103 4078 106-1093
1126 4004 1169 4064 ita
1188 4012 1221 4064 ut
1243 4023 1321 4062 auno
1343 4003 1452 4081 prioris
1476 4004 1628 4062 columnae
1648 4001 1691 4069 ll,

370 4109 495 4169 alterius
526 4127 621 4169 annus
650 4107 707 4167 106
735 4108 798 4167 fere
825 4107 1024 4187 responderet
1052 4116 1082 4166 et
1109 4108 1152 4166 sic
1178 4107 1329 4184 deinceps.
1374 4105 1475 4182 Quare
1503 4105 1624 4184 singulis
1649 4119 1691 4158 cu·

342 4213 480 4271 .lumnis
505 4211 542 4269 35
570 4210 689 4269 circiter
711 4228 806 4269 annos
834 4229 902 4269 esse
929 4211 1162 4288 comprehensos
1189 4210 1343 4269 subductis
1365 4211 1535 4269 rationibus
1557 4209 1589 4267 fit
1608 4204 1691 4265 maui-

368 4316 488 4374 festum.
538 4311 570 4372 Si
604 4313 708 4372 eadem
736 4314 867 4372 omnium
895 4313 1062 4373 tabularum
1095 4330 1236 4371 mensura
1268 4311 1339 4384 fuit,
1372 4331 1391 4369 a
1417 4311 1632 4371 decemuiratus
1659 4305 1690 4363 ad

368 4416 495 4475 Traiani
516 4424 652 4493 tempora
675 4433 797 4474 necesse
820 4426 867 4474 est
887 4417 944 4475 hos
966 4416 1063 4474 fastos
1083 4415 1191 4493 viginti
1213 4415 1321 4473 saltem
1343 4413 1498 4473 columnas
1520 4413 1664 4490 implesse.

453 4515 514 4578 Sed
535 4517 734 4596 fragmentum
758 4537 905 4576 annorum
928 4517 1102 4577 aas-542
1126 4517 1274 4595 duplicem
1289 4517 1407 4576 videtur
1428 4514 1595 4574 columnam
1614 4509 1691 4572 exhi·

368 4622 439 4680 bere
461 4619 542 4697 (vide
566 4620 631 4696 eph.
648 4619 753 4696 1‚43).
787 4619 867 4679 Nam
890 4621 1018 4698 singulis
1040 4620 1129 4679 annis
1151 4621 1279 4678 maiores
1302 4619 1419 4677 litterae
1439 4627 1511 4677 sunt
1526 4616 1691 4692 adscriptae,

368 4742 445 4802 quae
467 4723 594 4780 alteram
616 4721 784 4781 columnam
806 4723 938 4783 efficiunt
959 4724 1019 4782 sic:

446 5253 470 5320 ι)
493 5259 607 5310 Litterae
624 5272 665 5307 rr.
680 5255 755 5306 1-3
774 5254 841 5306 altae
860 5214 920 5304 sulit
937 5253 1000 5305 mill.
1016 5255 1065 5317 213
1084 5269 1125 5304 rr.
1145 5254 1163 5303 4
1182 5259 1209 5302 et
1225 5266 1298 5317 seqq.
1318 5249 1593 5303 ieremill.18-19.
