3532 5938
388 479 441 531 sc.
464 478 512 530 nn
530 477 710 530 nvnnrnrs
729 477 868 530 sunrvs
886 477 1101 532 nncvnnsrs.
1335 461 1407 532 277

72 654 170 712 omnia
191 655 323 712 nomina
344 653 520 724 referuntur,
543 654 663 712 nomine
675 652 856 731 principalia
870 652 901 710 in
916 651 975 712 tine
989 631 1153 730 ponuntur,
1175 654 1266 714 etiam
1281 673 1407 731 praeno-

74 774 148 827 men,
170 755 258 832 quod
283 775 401 829 moneo,
422 775 489 816 cum
511 756 542 814 id
565 758 603 815 ab
625 774 681 816 usu
701 756 828 814 recedat.
836 753 865 830 1)

154 857 330 920 Scribendo
352 859 511 918 adfuerunt
532 865 685 918 senatores
707 875 830 917 numero
853 863 982 934 septem,
1012 877 1050 916 ex
1077 859 1187 934 quibus
1209 859 1232 918 ii
1258 859 1309 936 qui
1338 879 1408 937 pos·

76 970 165 1021 tremo
186 961 262 1020 loco
286 969 439 1039 ponuntur
459 971 635 1038 quaestores
657 968 734 1020 sunt.
780 957 930 1018 Numerus
952 960 1004 1018 ille
1025 969 1123 1020 utrum
1143 960 1284 1020 fortuitus
1310 963 1408 1022 sitan

75 1074 166 1124 estete
181 1063 384 1140 imperatoria
401 1071 556 1134 statutum,
579 1073 611 1122 ut
632 1065 721 1123 etiem
743 1065 774 1121 in
796 1069 918 1121 senatus
940 1063 1087 1122 consultis
1102 1064 1326 1123 conseribendis
1341 1083 1407 1142 sep·

75 1179 129 1226 tem
150 1175 251 1226 testes
276 1167 433 1238 adessent,
455 1184 514 1224 non
537 1165 679 1236 diiudieo;
712 1165 874 1224 notandum
897 1171 995 1223 sutem
1018 1165 1134 1225 videtur
1156 1183 1220 1225 esse
1242 1177 1407 1226 curatorem

75 1280 204 1328 sotorum
228 1280 356 1328 senatus
378 1271 456 1328 inter
476 1286 528 1327 eos
550 1268 600 1344 qui
623 1268 781 1327 scribendo
804 1266 952 1326 adfuerint
972 1269 1098 1345 reperiri
1120 1268 1250 1341 nullum;
1283 1280 1410 1346 apparet

75 1374 170 1450 igitur,
192 1371 226 1430 id
241 1371 327 1448 quod
342 1371 431 1430 etiam
446 1371 514 1429 aliis
536 1370 573 1428 de
595 1371 693 1428 causis
716 1369 877 1429 verisimile
899 1379 954 1441 est,
982 1370 1014 1428 in
1037 1369 1238 1445 concipiendis
1260 1373 1407 1432 consultis

76 1483 193 1533 senatus
220 1493 294 1532 eum
317 1481 467 1531 versatum
494 1491 554 1532 non
580 1489 648 1532 esse
675 1473 729 1530 sed
751 1491 788 1530 ea
808 1471 867 1529 ism
888 1473 1059 1549 conscripta
1080 1473 1233 1549 occepisse
1254 1480 1343 1550 atque
1364 1476 1407 1532 ita

76 1579 102 1635 in
116 1587 182 1635 acts
196 1577 371 1649 rettulisse,
392 1576 500 1652 quibus
516 1583 633 1652 praeter
648 1577 717 1650 ipss
731 1574 850 1634 decreta
870 1574 960 1632 etiam
982 1575 1147 1634 sententiae
1162 1594 1181 1632 s
1195 1576 1331 1652 putribus
1346 1576 1407 1636 dic·

75 1693 127 1751 ue,
152 1679 278 1737 litter-se
300 1679 340 1737 ad
362 1686 498 1736 senatum
521 1679 648 1752 scriptae
668 1676 787 1753 alisque
809 1676 1044 1735 continebantur.
1088 1676 1137 1734 Ex
1158 1678 1346 1736 senatoribus
1368 1679 1406 1737 iis

78 1783 110 1840 de
129 1799 263 1858 quornm
287 1786 351 1838 toto
373 1779 491 1838 nomine
511 1787 628 1838 constat
650 1780 708 1837 duo
731 1779 793 1837 noti
816 1789 895 1838 sunt:

153 1883 185 1944 G.
215 1881 334 1959 Oppius
359 1880 435 1957 as.
465 1881 523 1941 Vei·
547 1881 669 1940 Severus
691 1882 723 1938 in
743 1880 936 1957 inscriptione
958 1881 1084 1939 Auximi
1105 1879 1260 1958 reperta²)
1283 1891 1407 1942 vocatur

81 1987 108 2044 C.
136 1984 249 2063 Oppius
277 1985 356 2059 Cis.
385 1983 445 2042 Vel.
468 1983 594 2044 Sabinus
616 1983 710 2042 Iulius
734 1982 831 2060 Nepos
856 1983 898 2040 M.
931 1979 1027 2042 Vibius
1049 1983 1190 2042 Solemnis
1212 1983 1347 2057 Severum
1375 1985 1406 2044 in

78 2087 173 2147 eodem
187 2087 280 2145 titulo
296 2086 367 2144 vivo
381 2085 537 2145 Hadriano
559 2085 654 2144 inciso
676 2085 849 2144 consulatus
871 2085 935 2144 eius
958 2085 1069 2144 mentio
1090 2086 1133 2159 fit,
1157 2094 1277 2145 etcum
1300 2105 1327 2146 a.
1347 2088 1404 2148 138

79 2191 266 2248 consulerem
287 2189 384 2248 tuisse
404 2195 528 2247 constet.

153 2292 187 2350 P.
215 2290 342 2350 Cassius
362 2289 400 2348 L.
418 2291 445 2366 f.
462 2291 543 2350 Aem.
560 2290 669 2348 Denter
690 2290 755 2348 sine
776 2289 871 2365 patris
891 2283 1013 2348 nomine
1035 2289 1171 2366 tribuque
1192 2308 1406 2351 commemore-

79 2403 122 2452 tnr
139 2395 170 2453 in
186 2394 279 2453 titulo
291 2391 486 2468 Canusin0⁸)
508 2392 598 2451 uxori
620 2393 684 2451 eius
699 2393 817 2451 Anniae
831 2392 958 2452 Rufinne
979 2391 1126 2462 dedicato,
1148 2393 1225 2452 unde
1247 2413 1315 2454 eum
1336 2411 1405 2472 sep·

79 2497 232 2556 cmvirum
255 2495 418 2573 epulonum
439 2494 536 2553 fuisse
556 2494 709 2566 discimus,
731 2494 868 2571 idemque
889 2504 935 2553 est
957 2492 1083 2554 Cassius
1098 2493 1214 2554 Dexter
1235 2504 1265 2554 et
1280 2494 1404 2557 Cassius

79 2598 231 2676 proconsul
255 2597 295 2657 sd
317 2615 406 2673 quem
428 2597 549 2672 saepius
570 2597 726 2673 rescripsit
745 2597 913 2674 Imperator
932 2596 1103 2655 Antoninus
1124 2594 1245 2673 Pius.⁴)

154 2700 188 2760 P.
210 2699 330 2759 Nonius
352 2697 393 2756 M.
410 2701 438 2773 s.
461 2699 610 2759 Macrinus
632 2700 751 2776 ignotus
773 2707 833 2758 est:
866 2699 961 2758 tribus
983 2697 1102 2757 videtur
1129 2716 1197 2758 esse
1220 2698 1404 2777 Ousientinc)

80 2810 107 2861 ut
124 2803 182 2861 ism
203 2803 237 2861 in
260 2799 432 2861 Noniorum
452 2809 540 2878 gente
561 2819 600 2859 ex
624 2798 725 2861 Gallia
745 2799 893 2878 cisalpina
918 2808 951 2860 ut
972 2799 1089 2859 videtur
1109 2801 1236 2860 oriunda
1250 2800 1405 2862 Veronen-

81 2906 148 2964 sium
168 2904 448 2980 Brixianornmque
468 2903 559 2962 tribui
569 2903 597 2979 ⁵)
627 2902 716 2962 tertis
737 2903 859 2963 accedat
879 2901 1072 2962 comensium
1087 2903 1403 2964 Mediolanensiumve.

82 3003 163 3066 (ierts
182 3007 295 3084 opinor
316 3007 487 3066 coniectore
508 3006 611 3082 quinto
632 3005 700 3064 loco
720 3006 839 3064 restitui
860 3024 968 3064 nomen

156 3107 237 3186 [Ser.
253 3107 399 3184 Enderis]
415 3107 456 3166 M.
465 3110 493 3183 s.
511 3105 594 3178 Quir.
614 3107 698 3168 Olore·
718 3107 850 3166 consulis
871 3107 978 3166 iterum
1001 3127 1027 3166 a.
1053 3107 1121 3181 146,
1144 3108 1193 3166 cui
1207 3109 1319 3185 optime
1334 3128 1402 3168 con·

82 3211 196 3270 veniunt
221 3211 340 3270 incerta
367 3228 446 3287 qnae
472 3209 569 3268 adhuc
591 3210 729 3269 visuntur
753 3209 920 3269 litterarum
940 3210 1081 3288 vestigia:
1114 3211 1204 3270 homo
1225 3211 1292 3288 ipse
1313 3221 1403 3272 notus

84 3313 165 3390 esti)
1157 3323 1190 3364 tr·

158 3415 206 3475 De
228 3416 269 3474 iis
292 3415 344 3491 qni
365 3422 480 3474 restant
500 3414 596 3474 tribus

159 3517 193 3588 Q.
217 3515 340 3576 Salonio
362 3515 404 3593 (i)
435 3515 468 3588 Q.
485 3519 513 3591 s.
540 3516 605 3588 Qui.
628 3515 690 3592 (vel
717 3511 798 3592 Ous.)
820 3514 923 3592 Lonqo
946 3515 987 3592 (i)

157 3659 800 3678 ...........................
821 3616 961 3689 Quartino

161 3719 645 3781 &Runfflafflffl

86 3839 136 3880 non
155 3823 252 3882 habeo
274 3821 357 3899 quod
372 3820 479 3894 dicam,
502 3841 598 3899 neque
620 3822 657 3880 de
678 3821 795 3880 Letoilio
809 3821 959 3898 Africano,
981 3841 1164 3901 quamquam
1186 3827 1330 3884 senatorii
1353 3844 1399 3884 or·

85 3923 151 3982 dinis
166 3927 241 3997 viro,
263 3933 389 4002 genteve
411 3924 477 3983 eius
499 3943 578 4000 quae
598 3923 756 3982 latifundia
777 3925 808 3984 in
829 3925 984 4000 provincia
1000 3925 1104 3986 Africa
1124 3927 1297 4004 possedisse
1319 3930 1399 3987 vide·

87 4034 133 4097 tur,
153 4029 312 4104 quicquam
334 4027 465 4106 reperire
486 4026 580 4103 potui.

159 4126 334 4208 signatores
361 4138 392 4189 et
423 4129 459 4202 ii,
486 4129 536 4205 qui
558 4129 673 4186 scribae
695 4127 847 4202 dicuntur,
876 4137 906 4188 et
925 4130 1035 4207 reliqui
1057 4131 1147 4190 simul
1167 4132 1311 4191 nominati
1333 4151 1399 4192 cum

89 4227 204 4290 libertini
226 4232 298 4303 sint,
320 4232 430 4290 absunt
451 4241 569 4306 patrum
590 4231 712 4290 nomine
734 4231 897 4306 tribusque.

92 4438 279 4450 *n—-a-—u

153 4587 174 4650 ¹)
200 4590 348 4641 Mommsen
367 4589 476 4640 Hermes
496 4589 512 4640 3
532 4605 556 4654 p.
579 4587 621 4638 76.

153 4677 176 4741 ²)
204 4681 300 4733 Gruter
318 4682 381 4743 446,
403 4682 429 4731 4.

152 4768 174 4833 ³)
200 4773 282 4824 Inscr.
302 4774 385 4838 Neap.
407 4773 469 4824 stt.

153 4861 175 4924 ⁴)
199 4865 450 4931 Ulp.Dig.36,1‚
474 4863 855 4928 1651734o‚5,eo§e.
893 4864 1004 4916 omne.
1024 4865 1085 4931 mg.
1105 4866 1149 4928 ss,
1171 4867 1196 4928 1,
1217 4867 1261 4918 s1.

153 4953 175 5016 ⁵>
201 4957 278 5023 Corp.
298 4959 324 5008 V
343 4973 368 5022 p.
389 4955 450 5008 339.

154 5043 176 5108 ⁶)
201 5049 231 5100 ci.
250 5049 398 5102 Mommsen
417 5049 475 5100 Ind.
495 5049 563 5100 Pliu.
583 5050 624 5100 sd.
644 5051 704 5101 Keil
723 5066 748 5115 p.
768 5047 831 5100 409.
