3530 5932
530 499 606 549 unx
623 497 705 548 cor..
727 498 954 551 osnurrvns.
1073 454 1075 466 ¹
1338 481 1411 553 143

1257 604 1411 613 ——a—

93 679 183 748 uitur,
211 677 331 735 αἰτηεε
359 673 575 734 consutoribus
604 682 712 732 tuumne
740 689 902 731 concessum
929 680 978 730 est.
1030 671 1154 732 Iudiciis
1180 673 1311 750 publicis
1341 676 1413 734 item

92 777 289 856 comprehendi
317 777 477 856 popularia
501 776 665 835 multarum
692 775 724 834 in
748 773 899 850 publicum
922 774 1152 852 redigendarum
1174 785 1204 834 et
1225 776 1347 835 aliunde
1369 778 1413 836 in-

93 881 233 958 tellegitur
258 891 303 952 et,
331 878 413 955 quod
434 878 572 938 adhunc
593 878 689 954 legem
712 877 849 953 proxime
870 869 1013 952 pertinet,
1040 896 1079 936 ex
1100 897 1126 936 c.
1142 877 1199 936 LV
1220 879 1296 956 legis
1318 876 1414 938 Iu'liae

92 983 216 1062 agrariae
242 991 313 1059 post
336 983 430 1040 verba
456 1000 550 1058 supra
574 981 672 1040 relate
696 980 740 1038 ita
766 980 933 1058 pergentis:
960 983 1045 1056 inque
1072 999 1133 1039 eum
1158 999 1216 1039 cern
1241 985 1266 1039 u'e
1288 985 1338 1058 qui
1359 983 1413 1042 buc

92 1088 145 1162 leue
167 1087 303 1144 iudicium
330 1085 438 1144 dederit
466 1085 580 1144 testibus
600 1083 717 1160 publice
742 1083 809 1141 durn
835 1091 917 1142 tacut
944 1086 975 1140 in
995 1099 1041 1141 res
1063 1083 1192 1159 stnpulue
1215 1082 1412 1161 horninibue¹)

93 1187 123 1246 X
138 1189 322 1248 denuntiandi
338 1195 508 1263 potestatem
522 1187 617 1260 jacito
640 1189 681 1244 itu
702 1194 734 1244 ut
755 1186 958 1262 erepublica
973 1186 1087 1262 fideque
1107 1204 1163 1244 suu
1177 1187 1325 1244 uidebitur.
1361 1187 1412 1245 Ad

90 1291 154 1348 laec
174 1290 263 1368 vulgo
291 1301 365 1349 nota
391 1297 421 1348 et
442 1291 516 1348 sutis
538 1296 650 1348 testata
670 1306 749 1346 nova
771 1287 917 1364 quaedem
939 1288 1065 1365 exlege
1087 1286 1224 1346 coloniae
1247 1287 1412 1348 Genetivne

89 1391 228 1452 smedunt.
273 1394 409 1470 Apparet
435 1393 464 1450 ei
489 1391 677 1469 magistratui
704 1391 756 1467 qui
782 1390 925 1449 iudicium
952 1391 1035 1448 dedit
1060 1391 1107 1449 ius
1133 1408 1192 1450 non
1216 1391 1309 1450 fuisse
1330 1393 1412 1451 testi·

88 1495 170 1553 monii
190 1494 387 1554 denuntiandi
408 1495 467 1554 nisi
487 1494 519 1552 in
540 1511 617 1570 quos
639 1492 696 1552 sibi
721 1493 878 1568 imperium
902 1502 995 1566 esset3
1018 1493 1155 1552 similiter
1176 1495 1207 1552 in
1229 1511 1321 1553 causa
1336 1493 1411 1553 Ver·

87 1597 144 1656 rina
169 1596 295 1656 testibus
318 1595 428 1658 Siculis
457 1595 662 1656 testimonium
688 1595 845 1654 denuntiat
870 1613 930 1652 non
956 1607 1076 1671 praetor
1102 1596 1128 1654 is
1155 1596 1205 1673 qui
1232 1597 1411 1673 repetunda-

87 1720 144 1758 rum
167 1699 309 1759 iudicium
335 1709 467 1770 exercet,
496 1699 550 1757 sed
578 1699 605 1756 is
633 1697 685 1773 qui
712 1704 832 1774 praeest
857 1697 1028 1772 provinciae
1056 1695 1229 1774 Siciliaet).
1273 1697 1411 1758 Testium

87 1804 132 1878 qui
154 1801 247 1861 coacti
269 1801 472 1861 testimonium
497 1800 597 1859 dicunt
624 1800 657 1858 in
684 1799 802 1858 iudiciis
829 1801 1057 1877 recuperatoriis
1083 1819 1150 1860 cum
1179 1800 1281 1860 decem
1307 1820 1410 1860 nume-

87 1923 144 1962 rum
169 1905 253 1962 finiat
278 1913 340 1964 cum
366 1903 417 1962 lex
444 1903 523 1962 Iulia
549 1901 638 1961 modo
664 1901 755 1961 citata
781 1919 871 1978 quam
898 1903 986 1962 edicti
1011 1904 1147 1981 perpetui
1169 1903 1352 1980 formulae),
1378 1905 1409 1962 in

88 2007 137 2065 hac
160 2007 224 2086 lege
252 2024 395 2065 numerus
419 2005 571 2064 invenitur
592 2004 772 2081 duplicatus.
816 2003 942 2064 Praeter
963 2012 1070 2078 testes,
1098 2005 1207 2082 quibus
1229 2011 1298 2065 ant'e
1320 2025 1410 2083 quam

88 2111 216 2170 iudicium
242 2110 278 2168 fit
303 2108 508 2168 denuntiatum
536 2115 596 2179 est,
623 2107 682 2166 iam
709 2107 911 2184 intellegimus
939 2109 1029 2166 etism
1052 2107 1079 2165 si
1101 2108 1151 2185 qui
1174 2108 1244 2166 dum
1266 2108 1410 2167 iudicium

87 2213 117 2270 lit
135 2213 169 2271 ab
189 2213 295 2271 horum
318 2211 420 2288 aliquo
441 2212 474 2270 in
495 2209 667 2269 testimonio
689 2209 815 2269 dicendo
831 2209 983 2268 nominati
1005 2218 1116 2283 essent,
1141 2229 1193 2270 eos
1215 2213 1254 2269 cd
1276 2211 1408 2271 testimo·

88 2315 160 2373 nium
180 2314 395 2391 perhibendum
418 2313 486 2392 cogi
507 2313 657 2390 potuisse,
684 2311 773 2370 modo
795 2330 833 2370 ne
854 2329 996 2371 numerus
1019 2312 1126 2390 viginti
1148 2315 1351 2373 excederetur.
1368 2347 1407 2356 —

88 2417 227 2476 Personae
257 2429 403 2494 exceptae
430 2416 519 2477 huius
548 2415 625 2491 legis
654 2413 774 2474 eaedem
802 2414 866 2473 fere
895 2421 965 2472 sunt
992 2423 1081 2491 etque
1110 2433 1188 2492 quae
1217 2416 1409 2494 excipiuntur

87 2519 142 2595 lege
162 2519 239 2578 Iulia
260 2517 439 2578 iudiciorum
461 2517 660 2593 publicorum.
703 2516 782 2593 Lupe
803 2516 892 2589 Iulia,
915 2515 1064 2594 Pnulus4)
1087 2518 1138 2590 ait,
1165 2519 1333 2576 iudiciorum
1351 2539 1407 2596 pu·

88 2621 211 2680 blieorum
231 2629 358 2692 cauetur,
380 2640 415 2680 ne
435 2623 524 2678 inuito
547 2621 735 2690 denuntietur,
761 2627 793 2678 ut
814 2623 997 2677 testimonium
1019 2621 1080 2678 litis
1102 2621 1181 2679 dicat
1201 2622 1339 2680 adversus
1362 2638 1408 2678 so·

89 2741 170 2781 cerum
186 2742 329 2800 generum,
349 2726 482 2783 vitricum
492 2725 670 2800 prioipnurn,
693 2721 837 2780 sobrinum
851 2721 1005 2792 sobrinam,
1026 2722 1140 2782 sobrino
1155 2722 1296 2798 [sobrina]
1310 2733 1408 2782 nutum

90 2843 157 2884 eosce
176 2828 225 2901 qui
245 2829 344 2902 priore
366 2825 470 2911 [immo
488 2824 638 2901 propiore]
659 2825 757 2901 produ
778 2827 845 2895 sint,
867 2827 934 2881 item
954 2842 988 2882 ne
1010 2824 1108 2884 liberto
1131 2827 1234 2902 ipsius,
1257 2826 1408 2886 liberorum

90 2931 147 2998 eius,
164 2931 339 3004 parentium,
365 2931 422 2986 uiri
442 2931 556 3000 neoris,
582 2929 647 2985 item
664 2929 785 3003 patroni
800 2937 958 3003 putronue:
983 2935 1008 2984 et
1028 2937 1113 2986 utne
1129 2931 1248 3004 patroni
1264 2938 1407 3004 patronus

90 3033 211 3090 aduenas
238 3029 354 3089 libertos
380 3039 518 3106 copunner
544 3032 730 3088 testimonium
755 3030 855 3088 dicere.
898 3027 959 3090 Sed
981 3029 1099 3105 plenius
1122 3040 1152 3089 et
1171 3029 1347 3105 prudentius
1370 3031 1408 3090 de

90 3131 128 3189 his
150 3134 179 3191 in
202 3132 270 3211 lege
291 3130 413 3210 publica
433 3140 552 3190 cautum
573 3141 620 3189 est
641 3149 732 3208 quem
752 3131 785 3189 in
808 3131 952 3191 colonica.
997 3130 1124 3210 Cognati
1146 3151 1213 3191 cum
1235 3139 1266 3190 et
1286 3133 1318 3191 in
1338 3134 1406 3212 lege

89 3233 154 3294 Iulia
171 3235 350 3294 iudiciorum
371 3233 557 3310 publicorum
579 3245 609 3293 et
629 3233 661 3292 in
683 3235 752 3293 eliis
774 3235 914 3294 omnibus
936 3234 1115 3293 definiantur
1136 3243 1188 3292 aut
1206 3244 1293 3295 sexto
1309 3236 1405 3316 gradu

91 3337 259 3397 sobrinarum
282 3344 334 3396 aut
355 3336 482 3414 septimo
505 3336 626 3396 sobrino
648 3335 835 3413 recurunt),
858 3336 938 3415 quod
960 3337 1009 3396 hic
1029 3337 1174 3396 liberatur
1196 3338 1247 3415 qui
1268 3357 1320 3396 reo
1335 3357 1404 3400 con·

90 3440 210 3498 sobrinus
232 3441 273 3499 sit
293 3439 454 3517 propiusve
476 3458 542 3498 eum
566 3459 602 3499 ea
623 3441 801 3515 cognatione
822 3439 985 3517 contingat,
1006 3440 1037 3498 id
1059 3447 1106 3498 est
1126 3441 1245 3518 cognati
1264 3440 1302 3500 ad
1316 3459 1405 3518 quer·

90 3550 140 3598 mm
158 3542 280 3620 gradum
303 3559 409 3619 osque,
430 3541 596 3601 inauditum
618 3553 664 3630 est
685 3549 715 3601 ct
734 3541 865 3601 fortasse
887 3543 1061 3601 contraius
1082 3552 1234 3619 receptum
1251 3544 1288 3602 ab
1303 3563 1338 3604 eo
1353 3547 1404 3622 qui

89 3641 170 3719 legem
193 3643 375 3724 conscripsit
400 3651 511 3704 temere
538 3645 680 3720 positum.
729 3645 875 3704 Asinium
903 3662 970 3702 curn
995 3644 1161 3704 liberentur
1188 3664 1281 3724 gener
1309 3665 1403 3721 socer,

93 3837 277 3852 *u—

154 3991 176 4054 ¹)
199 3995 322 4047 inlibris
341 4003 380 4046 est
399 3983 443 4056 ἶέ
462 4009 511 4060 pro
530 3983 564 4041 Ἡ.

154 4081 176 4148 ²)
201 4087 292 4140 cicero
304 4089 382 4138 Verr.
396 4089 422 4149 2,
437 4089 480 4149 27,
496 4085 544 4137 65:
565 4083 654 4153 quibus
672 4102 718 4152 eqo
738 4085 900 4136 testimonium
919 4084 1072 4148 denuntiavi,
1094 4103 1202 4154 quorum.
1215 4089 1315 4138 reome'nu
1332 4087 1403 4139 edidi

93 4169 182 4227 lintella
199 4215 276 4231 .....
297 4179 381 4230 adbuc
399 4195 448 4230 non
467 4185 595 4229 uenerunt.
633 4180 665 4229 In
688 4178 786 4229 iudicio
809 4179 912 4244 publico
936 4179 1025 4244 populi
1044 4179 1156 4230 Romani
1173 4195 1220 4244 per
1238 4182 1402 4246 magistratus

92 4267 247 4337 cuiuscumque
266 4273 367 4323 ordinis
386 4271 560 4322 testimonium
580 4271 727 4321 denuntiari
741 4272 854 4337 potuisse
874 4271 901 4332 (l.
921 4278 1001 4341 repet.
1020 4287 1044 4321 v.
1058 4271 1103 4334 31)
1124 4280 1322 4323 consentaneum
1336 4281 1382 4324 est.

154 4357 177 4423 ³)
199 4365 298 4416 Probus
324 4366 357 4416 de
375 4366 442 4415 notis
461 4381 487 4430 p.
502 4365 556 4414 274
575 4364 616 4413 ed.
636 4379 723 4414 meae:
751 4363 840 4430 quanti
857 4379 888 4413 eu
905 4379 947 4413 ree
965 4364 1021 4426 erit,
1042 4369 1126 4414 tantus
1138 4365 1263 4432 pecuniae
1281 4363 1401 4415 iudicium

92 4459 280 4519 'eumerium
303 4454 370 4508 dubo
396 4454 545 4523 testibusque
563 4453 669 4524 publice
687 4455 745 4506 dum
763 4461 837 4505 tacut
854 4454 935 4506 decern
954 4454 1119 4506 denuntiandi
1132 4464 1280 4524 potestaten
1290 4457 1400 4521 faciam.

92 4541 193 4595 Edictum
203 4549 313 4614 Augusti
333 4550 366 4600 de
385 4563 467 4614 aquae
487 4549 722 4598 ductuVenalrano
742 4547 860 4610 (Hennen
873 4548 969 4611 6428):
989 4564 1043 4598 cum
1061 4549 1106 4615 qui
1122 4551 1188 4600 inter
1206 4551 1270 4600 ciuis
1288 4557 1312 4600 et
1328 4565 1399 4618 perc·

91 4635 165 4696 priuos
185 4639 220 4690 ios
242 4641 310 4692 dicet
332 4639 454 4692 iudicium
476 4642 683 4708 recuperatorium
701 4641 728 4690 in
747 4641 862 4708 singulus
882 4657 923 4690 res
940 4637 992 4691 HS
1009 4623 1158 4692 {reddere
1177 4641 1325 4710 testibusque
1343 4641 1400 4692 dum

94 4731 153 4778 tutat
169 4726 195 4780 X
213 4731 389 4784 denuntiandus
413 4731 508 4796 [immo
532 4731 698 4784 denuntiandi
714 4733 879 4801 potestatem]
897 4732 988 4798 fucere
1003 4733 1103 4802 placet,
1129 4733 1186 4784 dnm
1204 4736 1400 4803 recuperatorum

94 4819 179 4872 reiectio
196 4824 254 4874 inter
271 4842 324 4877 eum
343 4827 388 4893 qui
406 4833 465 4893 uyet
482 4833 507 4876 et
524 4841 577 4876 eum
596 4841 699 4892 quocum
718 4832 807 4892 agetur
825 4827 864 4886 ita
876 4823 947 4893 fia[t,
967 4833 996 4876 ut
1013 4825 1067 4893 tege
1084 4825 1166 4892 Iulia]
1187 4843 1250 4895 quae
1263 4826 1293 4879 de
1306 4826 1399 4879 iudicis

93 4911 188 4972 mati,
204 4915 254 4967 luto
270 4925 308 4968 est
326 4915 412 4969 licebit
430 4916 562 4986 oportebit.
590 4914 593 4924 '

158 5003 181 5068 ⁴)
207 5009 263 5074 Dig.
277 5013 319 5074 22,
334 5009 360 5073 5,
375 5011 401 5061 4.
428 5011 493 5062 Post
512 5007 615 5061 libertos
633 5017 774 5075 sequuntur
786 5011 865 5061 verba
883 5011 995 5062 insiticia
1013 5027 1089 5078 neque
1108 5009 1194 5063 liberti
1211 5011 1334 5063 &versus
1348 5029 1397 5080 pa-

97 5099 175 5148 bonor.

159 5185 181 5250 ⁵)
206 5191 349 5260 Composuit
367 5197 439 5247 locos
458 5196 584 5247 Klenzius
602 5196 630 5246 in
649 5195 709 5260 eph.
729 5195 888 5262 Saviguiana
905 5197 968 5247 iuris
987 5196 1103 5248 historici
1122 5197 1148 5261 6,
1163 5197 1206 5249 99.
