3530 5932
370 447 445 516 128
783 455 786 460 ’
805 463 1113 514 nunmauuuntm
1131 461 1216 512 von.
1235 461 1264 510 11

364 638 457 697 fallor
479 638 719 714 antiquissimum
743 636 833 714 est¹).
868 638 942 696 Item
964 637 1184 716 sexagesimum
1208 653 1317 694 annum
1340 653 1406 694 eum
1420 635 1504 712 leges
1520 638 1678 696 recentiores

366 740 403 798 de
425 760 456 800 re
478 740 651 817 municipali
673 741 762 816 plane
783 743 934 817 ignorent,
957 739 1121 816 antiquitus
1144 757 1210 797 eum
1231 738 1321 796 finem
1343 737 1435 796 fuisse
1458 745 1573 797 constat
1591 759 1679 798 muue-

365 863 433 902 rum
454 843 643 921 publicorum
666 843 905 920 principiumque
926 842 1024 902 iustae
1044 836 1289 915 immunitatist).

248 1468 340 1518 Ponti·
454 1456 650 1520 Sacerdotem
677 1457 804 1535 collegia
831 1458 889 1517 duo
916 1459 982 1518 sola
1007 1467 1275 1519 commemorantur
1303 1477 1450 1536 augurum
1472 1460 1683 1538 pontificumque

238 1543 421 1666 2302,st
443 1561 495 1635 1),
530 1579 609 1636 quae
641 1568 742 1620 notum
777 1569 823 1620 est
856 1561 944 1618 etiam
972 1561 1003 1619 in
1029 1581 1061 1618 re
1093 1561 1214 1639 publica
1244 1563 1382 1622 Romana
1416 1563 1484 1621 sola
1519 1563 1605 1622 fuisse
1635 1563 1684 1640 ipsi

272 1632 305 1680 gu
369 1662 510 1740 aequalia
536 1681 590 1722 nee
617 1662 748 1722 defuisse
774 1663 805 1722 in
833 1662 894 1722 ulla
921 1663 958 1720 ad
984 1663 1049 1722 eius
1077 1663 1300 1724 similitudinem
1322 1667 1469 1726 instituta.
1515 1663 1685 1724 Commemo-

369 1773 475 1824 rantur
501 1772 598 1824 autem
622 1767 677 1838 ita,
706 1775 739 1825 ut
760 1765 829 1824 inde
851 1775 995 1842 appareat
1017 1785 1035 1824 a
1057 1767 1263 1826 sacerdotibus
1285 1767 1346 1826 illis
1368 1768 1481 1844 pariter
1502 1778 1589 1844 atque
1609 1788 1625 1826 a
1644 1768 1685 1826 de·

371 1867 542 1927 curionibus
569 1869 778 1945 magistratum
803 1868 912 1946 pignus
940 1887 1047 1945 capere
1072 1870 1221 1946 potuisse,
1249 1871 1275 1929 si
1301 1871 1353 1948 qui
1375 1889 1476 1929 eorum
1500 1871 1596 1929 efficio
1615 1871 1685 1946 fuum

372 1971 565 2041 detrectaret3
594 1969 674 2048 qued
695 1969 810 2029 Romae
832 1988 952 2047 quoque
975 1971 1140 2030 obtinuisse
1154 1970 1269 2031 rCicero
1292 1971 1454 2049 significat,
1475 1973 1526 2031 ubi
1548 1973 1625 2048 uiti)
1645 1972 1685 2028 tri·

373 2073 484 2132 bunum
506 2072 604 2149 plebis
626 2073 759 2150 pontifici
781 2073 826 2131 cel
847 2076 1014 2132 denuntiare
1035 2073 1172 2151 potuisse
1194 2076 1237 2132 nel
1259 2079 1344 2132 ettam
1365 2094 1472 2151 cepere.

238 2185 358 2236 Curata·
455 2177 498 2233 At
524 2193 635 2233 novum
663 2175 783 2234 omnino
811 2175 920 2234 accidit
943 2176 1025 2254 quod
1052 2173 1687 2254 6011111111ρειεοῄρωωοειᾱεωη

249 2275 343 2311 ¹¹⁰¹¹¹⁰³
372 2277 494 2356 publica
518 2277 655 2336 sanorum
682 2278 860 2355 templorum
888 2278 1094 2350 delubrorum,
1121 2278 1233 2338 scilicet
1259 2279 1386 2357 singulis
1413 2281 1499 2339 annis
1521 2279 1632 2338 IIvires
1656 2298 1687 2336 ex

376 2381 569 2439 decurionum
592 2379 710 2439 decreto
732 2381 770 2439 ad
793 2379 911 2460 singula
932 2380 1004 2438 fana
1025 2381 1184 2458 magistros
1207 2371 1306 2440 labere
1328 2391 1475 2459 oportere,
1497 2381 1549 2459 qui
1569 2380 1687 2458 magistri

375 2483 465 2542 ludos
494 2483 658 2555 circenses,
689 2482 849 2554 sacrificia,
875 2483 1046 2560 pulvinaria
1070 2483 1190 2542 faciant.
1233 2483 1313 2543 Nam
1339 2488 1470 2562 muyistri
1487 2487 1559 2558 sani
1584 2484 1686 2560 quiden

374 2585 537 2662 aliquoties
558 2585 588 2642 in
601 2585 761 2660 ‘lapidibus
783 2584 1106 2662 commemoranturt),
1130 2586 1183 2645 sed
1205 2605 1265 2664 qno
1288 2588 1354 2645 loco
1375 2587 1502 2660 fuerint,
1525 2606 1626 2664 parum
1645 2605 1688 2644 no·

372 2704 488 2760 ramus,
520 2705 587 2745 cum
616 2687 792 2764 praesertim
820 2687 944 2764 reliquis
973 2689 1153 2748 illustriores
1181 2691 1342 2768 magistros
1369 2687 1542 2767 Campanos
1570 2696 1688 2766 apertum

374 2791 415 2849 sit
436 2789 657 2867 quodammodo
680 2790 864 2850 successisse
885 2791 916 2848 in
938 2790 1037 2849 locum
1054 2792 1293 2868 magistratuum,
1316 2791 1367 2867 qui
1384 2810 1419 2850 eo
1435 2800 1568 2870 tempore
1582 2789 1689 2868 Capuae

373 2893 449 2952 nulli
471 2899 565 2963 erant,
588 2893 688 2970 itaque
710 2911 787 2970 quae
809 2892 845 2950 de
865 2893 903 2952 iis
925 2893 1083 2951 traduntur
1103 2900 1250 2970 quatenus
1272 2893 1397 2970 reliquis
1419 2912 1540 2970 quoque
1559 2891 1690 2971 aptasint

372 2997 436 3055 iure
462 2994 592 3054 dubitari
619 3003 744 3072 poterat.
789 2995 853 3052 Iam
881 2995 962 3071 quod
988 3015 1090 3054 eorum
1118 2996 1198 3055 tituli
1224 3005 1372 3055 testantur
1397 2994 1521 3073 Capuae
1546 2996 1689 3073 magistros

373 3099 536 3176 quotannis
559 3097 687 3156 refectos
709 3115 775 3157 esse
797 3097 946 3174 ludosque
962 3097 1092 3156 edidisse
1114 3097 1220 3173 (vell
1240 3119 1269 3176 p.
1290 3098 1362 3173 159)
1383 3099 1416 3157 id
1435 3099 1534 3174 ipsum
1549 3099 1587 3156 ad
1601 3113 1689 3154 omnes

372 3201 510 3260 fanorum
533 3200 694 3278 magistros
716 3201 872 3278 pervenire
894 3201 966 3258 haec
987 3200 1037 3258 lex
1059 3200 1198 3274 ostendit,
1220 3219 1274 3260 nee
1296 3200 1384 3260 facile
1405 3201 1533 3278 posthac
1547 3201 1689 3277 quisquam

373 3303 495 3380 negabit
516 3305 678 3382 magistros
698 3303 844 3373 sanorum,
868 3303 973 3381 quales
995 3303 1055 3361 iam
1077 3302 1235 3361 didicimus
1257 3303 1289 3362 in
1312 3303 1431 3362 colonia
1446 3301 1594 3362 Genetiva
1608 3299 1689 3359 creari

375 3405 481 3464 solitos
503 3423 587 3477 esse,
614 3406 704 3464 etiam
725 3405 757 3464 in
777 3405 903 3482 reliquis
925 3405 1050 3464 coloniis
1072 3405 1302 3482 municipiisque
1325 3423 1479 3464 sacrorum
1502 3424 1601 3464 euram
1624 3403 1690 3462 simi-

374 3507 442 3566 liter
468 3508 577 3586 egisse.
622 3509 664 3565 At
690 3516 720 3566 et
740 3507 892 3566 difficilius
915 3507 1003 3584 longe
1024 3517 1071 3567 est
1092 3515 1121 3565 et
1143 3508 1237 3566 multo
1260 3508 1381 3566 maioris
1404 3509 1547 3566 momenti
1568 3504 1691 3565 deterrui·

374 3718 578 3728 ...—

451 3859 475 3922 l)
505 3859 579 3910 Idem
602 3859 725 3924 proponit
743 3859 835 3909 Festus
854 3874 877 3908 v.
897 3858 978 3923 pubes
997 3874 1022 3924 p.
1038 3859 1099 3909 250.
1138 3860 1205 3910 Iuris
1227 3867 1344 3910 auctores
1363 3859 1445 3911 Gaius
1460 3861 1484 3920 1,
1500 3859 1551 3909 196
1570 3865 1594 3906 et
1612 3856 1691 3920 Ulpia·

374 3969 422 4003 nus
446 3955 487 4015 11,
507 3953 541 4003 28
562 3951 664 4002 scholas
683 3952 716 4001 de
736 3952 845 4002 termino
864 3951 1014 4002 dissensisse
1032 3951 1160 4014 referunt,
1187 3960 1214 4002 ut
1232 3967 1288 4002 eam
1308 3969 1384 4018 qnam
1406 3953 1524 4003 Caesaris
1544 3953 1585 4001 lex
1603 3949 1691 4015 optule

374 4061 434 4096 nem
453 4045 602 4096 ProeuIIani
621 4045 701 4094 secuti
720 4045 780 4094 sint.

453 4135 478 4199 ²)
505 4138 590 4188 Varro
614 4137 684 4202 apud
703 4135 817 4186 Nonium
835 4153 862 4201 p.
877 4136 944 4187 523:
969 4153 1022 4188 enm
1113 4135 1239 4188 dedebant
1256 4133 1311 4187 LX
1327 4153 1419 4200 uanos,
1445 4144 1494 4187 tum
1512 4135 1614 4203 denique
1633 4137 1693 4184 aaut

374 4248 392 4281 e
408 4227 520 4298 publicis
538 4230 647 4296 nepotiis
666 4226 741 4279 liberi
758 4236 830 4295 atque
850 4230 933 4280 otiosi.
967 4232 1066 4281 Auctor
1084 4232 1119 4280 ad
1131 4231 1243 4280 Herenn.
1259 4233 1284 4293 2,
1301 4231 1343 4291 13,
1359 4232 1407 4280 201
1426 4237 1454 4279 at
1471 4229 1553 4280 maior
1568 4229 1640 4278 annis
1651 4219 1693 4275 II

375 4330 400 4373 et
419 4323 461 4374 cui
478 4319 578 4374 morbae
596 4337 675 4372 causa
693 4329 736 4383 eat,
758 4324 909 4389 coquitorem
928 4321 977 4374 det.
1006 4324 1074 4374 Vide
1094 4324 1125 4373 de
1144 4324 1252 4374 militari
1270 4329 1352 4374 aetate
1365 4323 1508 4373 Beckerum
1527 4321 1624 4372 enchir.
1637 4323 1658 4382 2,
1672 4321 1691 4376 1,

376 4417 438 4466 215.
454 4415 522 4477 216,
548 4416 581 4465 de
600 4416 730 4464 senatoria
748 4415 782 4464 ib.
804 4416 829 4477 2,
845 4417 871 4478 2,
886 4417 948 4466 407.
967 4443 1000 4454 -
1027 4417 1059 4466 In
1077 4431 1106 4465 re
1124 4416 1274 4482 municipali
1293 4415 1363 4480 quod
1381 4423 1472 4480 postea
1490 4415 1600 4466 obtinuit
1616 4426 1692 4464 mune·

374 4524 433 4558 rum
454 4508 567 4558 civilium
586 4509 774 4556 immunitatem
793 4509 907 4572 incipere
925 4517 985 4573 post
1003 4523 1098 4558 annum
1118 4508 1332 4573 septuagesimum
1351 4507 1428 4574 (Dig.
1443 4509 1486 4568 50,
1501 4509 1526 4568 2,
1542 4509 1567 4568 2,
1583 4508 1608 4557 6.
1628 4504 1691 4562 titt,

375 4603 393 4651 4
412 4597 461 4664 [3].
500 4600 578 4651 Kuhn
598 4597 674 4649 atddt.
694 4595 761 4662 Verf.
783 4602 806 4662 1,
822 4601 876 4663 70),
896 4616 949 4652 nen
966 4607 1019 4650 tam
1038 4601 1071 4652 ad
1090 4583 1279 4666 operas‘manu
1297 4601 1429 4652 factendas
1448 4601 1559 4666 pertinet
1576 4614 1649 4665 qnam
1665 4595 1692 4644 nd

355 4747 359 4753 ⁸
377 4693 522 4742 curationes
541 4692 695 4756 simillaqne.

452 4781 477 4846 ³)
506 4783 548 4833 Dc
567 4784 645 4833 domo
664 4783 709 4846 45,
726 4786 787 4835 117.
827 4784 867 4836 cf.
886 4785 944 4836 Lis.
959 4785 1003 4847 33,
1017 4788 1061 4836 42.
1552 4835 1558 4856 ,

452 4873 478 4938 ⁴)
507 4875 587 4926 Orcll.
602 4877 672 4926 2218
688 4895 721 4917 =
736 4877 758 4926 Ι.
771 4877 805 4928 Ν.
821 4877 906 4928 33421
925 4895 991 4944 may.
1003 4877 1068 4944 sani
1079 4875 1192 4928 Iunonis.
1224 4877 1304 4929 Orell.
1319 4877 1389 4928 3053
1403 4895 1437 4918 ·-·—·
1451 4878 1472 4927 Ι.
1487 4877 1521 4927 N.
1535 4875 1619 4927 36³6:
1638 4888 1690 4938 stup.

369 4966 429 5032 fan.
449 4965 530 5016 Dian.
548 4965 626 5032 Tisat.
662 4969 723 5020 Non
742 4969 838 5020 diversi
856 4977 916 5020 sunt
934 4971 1027 5036 opinor
1038 4969 1161 5035 fanorum
1180 4976 1309 5020 curatores
1327 4969 1445 5019 homines
1463 4969 1567 5035 ingenui
1587 4975 1692 5034 quattuor

377 5061 444 5108 tituli
459 5061 617 5110 Veronensis
636 5059 754 5122 (Henzsn
769 5061 846 5124 5990,
861 5081 894 5103 =
915 5061 943 5113 C.
958 5064 980 5114 Ι.
994 5063 1024 5113 L.
1039 5063 1172 5132 V,3924;
1192 5063 1226 5113 ef.
1244 5061 1340 5114 ibidem
1360 5077 1386 5112 n.
1401 5061 1482 5112 3310.
1497 5061 1579 5124 5311)
1598 5060 1690 5112 similet·

378 5167 426 5219 qnc
445 5150 507 5201 alibi
527 5151 642 5214 (tlenzen
661 5153 715 5206 ind.
734 5170 759 5221 p.
776 5154 848 5217 161).
