3530 5932
327 531 674 621 counnnrnrronns
691 568 968 620 arrcnsrmora
986 570 1089 623 rans.
1268 563 1272 571 ·
1299 549 1369 621 179

723 673 759 678 -..
771 671 898 678 φῇ...
1174 675 1247 679 ...—

68 743 95 802 G.
108 741 167 802 Sillr'
187 740 223 800 G.
245 740 289 817 (n.
304 742 355 818 16)
378 749 407 799 et
426 741 536 800 Latine
557 741 676 815 Sittius,
700 741 793 801 Silius
817 742 980 820 (Memnon,
1004 744 1083 804 111.
1100 745 1196 821 Ncup.
1218 745 1276 802 incl.
1299 763 1372 803 nom.

66 850 107 902 τήν.
127 854 149 904 et
166 843 259 919 mul),
282 863 348 903 cnm
369 853 440 903 nota
461 844 664 920 praenominis
688 844 761 904 Osci
786 843 908 906 (iconiis
931 847 1019 908 etiam
1046 846 1139 907 Gonu.
1162 847 1316 906 scribatur.

65 1053 109 1114 54.
148 1052 307 1132 signaculo
335 1054 483 1132 impressa
508 1053 625 1134 tegulae
653 1055 762 1115 litteris
783 1055 816 1115 in
844 1055 948 1116 circuli
974 1057 1090 1116 dimidii
1117 1058 1244 1117 formam
1271 1058 1372 1134 dispo·

98 1158 169 1218 sitis:

401 1297 450 1367 vu
465 1347 474 1366 .
489 1293 606 1392 net)
759 1313 818 1374 vo.
832 1313 961 1374 Trebius
973 1315 1014 1393 (a)

132 1489 205 1549 Dedi
227 1489 355 1562 litteras,
378 1489 481 1566 quales
496 1508 535 1548 ex
551 1487 693 1550 Schoenii
715 1499 823 1568 ectypo
839 1490 916 1549 meis
930 1491 1026 1549 oculis
1041 1499 1201 1572 apparent3
1224 1491 1278 1550 sed
1300 1510 1373 1568 epo·

63 1594 190 1670 graphurn
206 1593 264 1650 viri
279 1590 446 1652 doctissimi
468 1592 527 1652 inm
543 1601 632 1650 antea
653 1593 725 1651 mihi
739 1593 862 1653 missum
879 1593 984 1652 habet:
1007 1593 1038 1650 iri
1049 1635 1056 1650 .
1069 1604 1122 1666 trac,
1145 1596 1224 1654 unde
1247 1595 1290 1653 sic
1312 1594 1373 1654 edi·

63 1696 97 1754 dit
115 1697 197 1754 etiarn
222 1695 366 1765 Febrem,
392 1692 723 1766 0111112823,
753 1696 790 1769 cs.
809 1694 952 1766 Ecdeme,
976 1696 1116 1755 Formenl.
1141 1699 1191 1754 der
1215 1697 1283 1756 Osk.
1305 1696 1372 1774 Spr.

63 1797 153 1856 XLII.
169 1796 295 1866 XLIII,
311 1797 353 1856 11.
395 1795 506 1875 Ectypi
527 1799 688 1856 auctoritas
711 1791 903 1856 confirmatur
925 1797 1015 1857 etiam
1037 1798 1096 1857 ulia
1116 1798 1310 1877 inscriptione
1332 1807 1374 1857 te-

62 1902 151 1977 gulae:
171 1899 259 1957 Dek.
275 1899 329 1957 Ila
349 1897 496 1975 (morena,
518 1897 597 1957 Μοπ.
621 1903 711 1976 epipr.
727 1900 828 1976 Pomp.
842 1899 884 1970 X,
901 1902 947 1973 13,
960 1900 984 1958 b.
1003 1920 1037 1977 p.
1051 1901 1100 1960 12.
1144 1901 1287 1975 Momms„
1309 1902 1373 1960 Uol.

62 2002 132 2060 Diol.
153 2011 172 2060 t.
186 2001 230 2073 X,
244 2003 292 2070 28,
306 1999 344 2074 c),
367 2000 409 2059 ite
431 2009 464 2060 ut
485 2001 664 2077 inutraque
686 2001 787 2078 tegula
812 2002 878 2059 Ile.
901 2020 1009 2062 nomen
1031 2002 1140 2079 gentile
1162 2004 1247 2080 figuli
1268 2004 1375 2062 limite

63 2105 213 2180 significare
229 2103 374 2162 videatur.
407 2103 516 2179 Itaque
537 2103 636 2161 facere
652 2121 713 2161 non
734 2121 904 2179 possumus,
927 2106 999 2182 quin
1021 2113 1189 2165 statuamus
1209 2114 1296 2165 notas
1318 2107 1375 2164 hoc

64 2225 153 2264 nomen
178 2205 391 2282 praecedentes
414 2206 465 2265 Vu.
489 2214 519 2263 et
539 2204 614 2264 Delu.
637 2206 861 2282 praenominum
883 2224 965 2278 esse,
992 2208 1129 2283 quamvis
1156 2208 1186 2265 in
1209 2207 1276 2267 aliis
1305 2209 1375 2266 tito·

62 2309 92 2366 lis
105 2309 187 2368 Oscis
209 2327 272 2366 non
292 2308 481 2384 reperiantur
502 2308 699 2384 praenomina
714 2308 851 2368 omnibns
874 2308 982 2368 litteris
997 2310 1119 2386 scripta,
1141 2329 1217 2386 quae
1239 2329 1306 2370 cnm
1327 2311 1375 2369 his

63 2412 127 2470 notis
147 2420 323 2488 congruant.

965 2551 1371 2562 ———---———

64 2619 108 2680 55.
148 2621 311 2698 signaculo
333 2621 483 2698 impressa
504 2620 620 2698 tegulae
643 2621 780 2682 inventae
802 2622 851 2680 die
876 2622 1160 2683 installatum:

354 2793 424 2868 del(
439 2851 447 2866 .
463 2803 501 2910 iu
517 2850 525 2866 .
542 2850 550 2866 .
568 2851 576 2867 .
764 2813 909 2874 Decimus
931 2815 1092 2876 Terentius
1105 2815 1146 2894 (l)

131 3009 176 3068 Ex
202 3008 380 3087 apographo
407 3007 443 3066 ab
467 3006 504 3065 E.
526 3007 630 3066 Brizio
657 3015 779 3086 accepto
807 3006 900 3066 edidit
922 3008 1062 3082 Febrem,
1085 3009 1174 3068 Prim.
1196 3011 1292 3087 suppl.
1316 3023 1375 3070 ant.

63 3113 116 3168 iser.
136 3112 169 3169 lt
192 3133 220 3170 n.
235 3111 312 3170 502.
356 3108 439 3168 Nota
466 3110 671 3187 praenominis
696 3110 780 3187 figuli
802 3109 876 3168 Dek.
900 3110 1009 3169 collato
1031 3112 1176 3170 vocabulo
1199 3110 1282 3173 Osco
1309 3115 1375 3173 del-

63 3213 226 3272 uam-diis
250 3211 420 3289 supplenda
442 3211 573 3272 videtur:
603 3210 791 3288 Delc(mu·s),
817 3220 848 3270 et
873 3231 938 3270 oum
962 3230 1070 3271 nomen
1096 3215 1208 3290 gentile
1233 3215 1377 3276 Terentius

64 3315 128 3372 hand
148 3335 213 3374 raro
237 3316 383 3392 scriptum
405 3315 446 3374 sit
466 3315 497 3374 in
511 3315 605 3372 titulis
619 3315 832 3392 Pompeiorum
847 3313 966 3374 Latinis
987 3313 1039 3390 (C.
1054 3317 1080 3373 I.
1093 3315 1163 3375 Lat
1179 3317 1236 3389 IV,
1255 3339 1287 3394 p.
1302 3319 1375 3390 232,

64 3438 82 3475 r.
101 3419 144 3494 2),
166 3418 307 3478 conicere
332 3417 404 3476 licet
429 3416 544 3475 litteras
569 3417 667 3476 Te...
694 3416 725 3474 in
753 3417 855 3494 tegula
880 3435 988 3475 nomen
1012 3416 1123 3477 Oscum
1145 3418 1304 3480 ‘Terentiis
1331 3421 1376 3480 in·

64 3519 156 3579 dicare
315 3513 318 3520 ’

65 3725 109 3786 to.
148 3729 313 3808 Signaculo
334 3731 485 3807 impressa
506 3731 637 3808 tegulae:

408 3916 432 3990 d
447 3972 455 3988 .
470 3925 488 3989 1
807 3936 952 3996 Decimus
972 3936 1009 3995 T.

133 4129 282 4206 Ectypum
304 4129 387 4188 misit
406 4127 442 4186 R.
460 4125 605 4188 Schoene.
649 4127 698 4186 Ex
721 4127 855 4187 eiusdem
879 4129 1051 4206 apographo
1074 4129 1120 4188 ed.
1140 4130 1276 4202 Fabretti,
1302 4130 1377 4190 (7.1.

66 4229 121 4288 lml.
137 4232 274 4305 Ima.
318 4229 436 4290 Nomen
460 4231 543 4308 figuli
564 4230 742 4308 Pompeiani
764 4229 890 4290 fueritne
913 4231 1036 4305 Tradita,
1059 4249 1097 4290 an
1117 4231 1289 4305 ‘Terentia
1318 4252 1377 4292 non

66 4329 153 4408 liquet.

68 4537 112 4600 57.
150 4541 315 4621 Signacnlo
337 4544 485 4621 impressa
505 4544 624 4622 tegulae
646 4544 785 4604 inventae
807 4545 855 4602 dle
876 4545 896 4602 4
919 4542 1105 4622 Septembris
1128 4563 1155 4604 a.
1174 4545 1267 4604 1869:

410 4729 492 4803 (1.1
808 4749 953 4810 Decimus
976 4749 1013 4844 Τ.

137 4939 181 4998 Ex
203 4941 382 5020 apographo
404 4941 441 5000 ab
464 4941 499 5002 E.
523 4941 625 5001 Brizio
648 4941 742 5000 misso
764 4941 810 5000 ed.
832 4941 973 5017 Febrem,
996 4941 1086 5001 Prim.
1110 4941 1206 5018 suppl.
1228 4950 1287 5000 ont.
1311 4944 1378 5002 icor.

70 5037 125 5097 lut.
144 5061 170 5101 n.
184 5043 256 5104 503.
