3530 5932
555 535 665 586 susm
690 535 772 585 sun.
800 535 926 586 usrm.
1359 515 1405 584 95
1481 575 1484 583 .

98 707 165 764 nime
188 713 298 781 potest:
326 724 379 765 eos
406 707 555 765 consulari
580 710 697 783 irnperio
726 707 833 782 lapibus
859 709 1020 766 scribundis
1040 708 1139 782 sartos
1161 706 1409 784 capitolinifasti

98 816 238 865 testantur.
281 808 316 867 In
339 809 405 884 ipso
427 826 546 884 quoque
569 808 709 868 feriarum
731 810 889 868 latinarum
911 809 1047 882 frustulo,
1070 811 1153 868 euius
1176 827 1309 867 summae
1331 809 1409 866 litte-

97 911 186 968 rae'in
205 909 422 969 decemviratus
445 921 562 986 tempus
584 911 690 969 cadere
706 911 891 982 ridebantur,
914 911 1076 969 Henzenus
1099 911 1291 988 suppleverat
1304 913 1408 970 decun-

96 1015 157 1068 riris
177 1013 323 1070 cunctim
345 1011 492 1072 refertote.
527 1012 628 1086 Quare
652 1014 838 1090 propositum
861 1013 1058 1088 fragmentum
1081 1033 1145 1071 eum
1161 1014 1306 1072 fastorum
1330 1015 1408 1072 serie

95 1113 332 1172 nulloridebatur
353 1133 445 1191 posse
467 1124 554 1192 pacto
577 1116 727 1193 componi.
761 1115 806 1174 Re
820 1135 892 1174 vero
915 1115 1053 1186 subtilius
1075 1135 1234 1192 perpensa,
1257 1124 1320 1174 tota
1340 1136 1408 1174 eva-

94 1227 182 1274 nescet
201 1215 372 1274 difficultas.
406 1216 540 1276 Litterae
561 1234 696 1276 Tursv...
720 1227 764 1276 ter
785 1219 928 1292 repetitae
951 1218 1075 1275 alteram
1094 1219 1227 1276 efficiunt
1241 1219 1408 1276 columnam

93 1318 125 1374 ab
137 1337 178 1386 ea,
191 1335 268 1393 quae
284 1317 468 1378 decemviros
483 1319 599 1396 legibus
614 1320 779 1378 scribendis
795 1319 928 1391 exhibet,
949 1319 1104 1378 interiecto
1120 1321 1218 1396 spatio
1234 1321 1406 1378 seiunctam.

93 1417 148 1478 Illis
166 1418 255 1496 igitur
269 1421 367 1493 annis,
389 1424 499 1497 quibus
522 1422 633 1480 tribuni
656 1421 785 1480 militum
800 1422 939 1498 eponymi
962 1421 1092 1494 fuerunt,
1116 1422 1210 1480 altera
1225 1423 1313 1480 huius
1328 1423 1407 1500 frag-

92 1521 171 1579 menti
191 1523 331 1580 columna
357 1534 404 1580 est
425 1524 624 1582 restituenda:
653 1526 736 1601 prior
758 1524 941 1582 decemviros
968 1524 1083 1598 legibus
1111 1524 1275 1582 scribendis
1304 1525 1406 1582 offert:

92 1631 204 1700 unaque
239 1643 407 1702 eponymos
445 1626 500 1683 hos
537 1635 625 1684 extra
663 1626 799 1684 ordinem
836 1635 951 1685 creatos
990 1626 1055 1684 solo
1095 1628 1286 1702 magistratus
1320 1645 1408 1684 voca·

92 1725 151 1782 bulo
179 1726 306 1798 iudicat,
340 1727 524 1804 singulorum
555 1727 725 1787 nominibus
757 1727 918 1804 (quoniam
951 1728 1041 1786 nimis
1074 1728 1196 1804 prolixa
1224 1747 1326 1786 eorum
1360 1747 1407 1786 se·

90 1828 141 1885 ries
160 1828 233 1905 erat)
261 1828 416 1888 brevitatis
446 1830 543 1906 gratia
568 1830 751 1907 suppressis.
795 1829 971 1908 Superiores
997 1831 1120 1888 maioris
1147 1830 1260 1888 moduli
1289 1831 1407 1889 litterae

91 1929 123 1986 ed
145 1930 407 2008 praescriptionem
437 1932 586 2008 pertinent
612 1950 706 2010 supra
732 1951 836 1991 omnes
858 1933 965 1991 horum
991 1933 1137 1990 fastorum
1161 1933 1314 1992 columnas
1341 1951 1406 2008 pcr-

90 2038 167 2106 petuo
189 2032 281 2092 ductu
302 2034 516 2092 continuatam.

160 2135 235 2194 [tem
260 2136 307 2194 ita
331 2153 399 2195 esse
432 2135 507 2194 felix
535 2145 655 2214 praeter
682 2154 767 2214 spem
794 2137 926 2196 inventio
956 2138 1119 2196 confirmat.
1163 2136 1244 2196 Nam
1271 2149 1404 2198 veterum

90 2253 220 2296 saxorum
241 2237 275 2295 in
296 2238 398 2297 albani
420 2239 531 2297 montis
557 2239 710 2296 cacumine
737 2258 829 2315 supra
855 2249 964 2299 terram
987 2241 1145 2298 iacentium
1167 2240 1303 2318 diligenti
1324 2241 1406 2299 facta

89 2339 296 2413 conquisitione
318 2359 383 2398 eam
406 2349 520 2416 partem
538 2341 695 2412 fastorum,
718 2359 795 2417 quae
810 2342 1025 2401 decemviratus
1043 2342 1192 2400 biennium
1214 2351 1245 2400 et
1266 2344 1404 2418 proxime

89 2452 251 2516 sequentem
278 2461 390 2501 annum
417 2442 478 2502 305
506 2444 728 2519 complectitur,
763 2453 855 2502 totam
887 2444 950 2503 fere
978 2446 1161 2524 recuperavi.
1210 2444 1289 2502 Ecce
1322 2445 1406 2502 illam

89 2551 216 2618 quattuor
236 2545 416 2623 compositis
437 2544 612 2622 fragmentis
635 2565 729 2623 paene
750 2547 781 2604 in
803 2547 952 2624 integrum
973 2547 1148 2606 restitutam.

329 3648 336 3664 .
378 3618 554 3672 ,.’,.,·
579 3620 627 3660 '··'
647 3615 834 3687 ·PVT1T0
858 3619 931 3681 COS

537 3694 591 3817 llll
612 3695 691 3754 EID·
708 3703 778 3760 IAN

203 4115 229 4154 rs
296 4091 313 4150 t
336 4099 504 4163 ,υυφίπίο
554 4120 577 4137 ··
599 4103 632 4160 J·
650 4117 697 4156 un·
710 4101 820 4153 trienno
834 4115 874 4152 err

435 4253 454 4312 ι.
470 4255 498 4330 s.

730 4393 760 4450 4.

90 4589 257 4670 fragmenta
282 4597 310 4666 1,
333 4594 351 4652 2
382 4604 539 4653 servantur
564 4595 597 4652 in
623 4594 769 4654 coenobio
790 4595 900 4653 montis
923 4594 1040 4667 albani3
1071 4593 1145 4653 illud
1172 4595 1251 4652 haud
1278 4597 1321 4654 ito
1346 4597 1406 4672 pri-

90 4691 163 4766 dem,
185 4705 217 4753 ut
237 4697 317 4770 dixi,
339 4705 504 4775 repertum,
528 4697 585 4754 hoc
606 4716 685 4755 anno
710 4696 803 4756 1869:
833 4698 862 4768 3,
884 4698 903 4756 4
925 4697 1054 4755 Romam
1077 4697 1201 4756 advecta
1222 4689 1301 4756 anno
1326 4698 1405 4757 1870

91 4805 197 4870 egomet
211 4797 269 4856 vidi
290 4799 322 4858 in
343 4799 461 4858 horreis
483 4799 687 4876 praefecturae
709 4817 834 4876 operum
857 4799 1054 4876 publicorum.
1088 4797 1178 4858 Nunc
1200 4799 1217 4858 3
1240 4800 1405 4876 repositum

91 4906 131 4952 eat
151 4899 179 4955 iu
199 4897 356 4972 Palatin03
378 4901 398 4958 4
419 4899 509 4976 periit
530 4907 583 4960 aut
603 4900 685 4961 latet.

163 4997 309 5062 V.1-3.
343 5003 469 5080 Apicem
491 5002 609 5062 litterae
630 5003 661 5060 iu
683 5004 783 5080 priore
797 5003 929 5063 editione
943 5001 1121 5080 neglectum,
1144 5020 1261 5062 summa
1275 5004 1406 5063 fractura

93 5097 240 5177 diligenter
251 5106 398 5182 inspecta,
421 5123 514 5182 supra
534 5104 683 5183 syllabam
698 5121 758 5163 rva
775 5105 965 5183 deprehendi.
997 5103 1199 5181 Praescriptio
1214 5105 1304 5182 igitur
1316 5106 1405 5165 fasto-

92 5216 150 5258 rum
169 5221 229 5262 uon
245 5205 343 5266 minus
357 5213 418 5267 tres
435 5223 540 5267 sersus
555 5205 678 5280 obtinet,
700 5224 799 5282 neque
814 5217 914 5267 tamen
935 5205 1052 5282 plures:
1076 5224 1210 5266 summus
1232 5207 1342 5284 quippe
1363 5206 1406 5265 la·
