3530 5932
366 447 439 518 174
929 465 1113 519 GORSSEN:

361 639 609 719 praecedentibus
634 629 731 699 titulis
758 639 923 718 colligitur,
951 638 1130 699 Castricium
1158 647 1188 699 et
1215 638 1384 718 Spuricium
1410 641 1611 716 Pompeianos
1636 652 1680 700 aut

362 741 463 820 aliquo
478 742 577 802 officio
591 743 641 801 vel
655 761 745 823 opere
766 742 884 800 functos
907 760 985 815 esse,
1008 751 1060 801 aut
1080 743 1230 801 officinam
1245 743 1292 800 rel
1310 743 1456 802 fabricam
1471 743 1518 800 vel
1539 744 1679 803 tabernam

364 845 610 923 qualemcumque
631 845 773 904 habuisse
794 844 825 903 in
848 844 983 918 aedibus,
1004 844 1055 903 ubi
1076 844 1224 904 habitaret
1239 842 1346 903 Vibius
1369 842 1489 904 Sehius.

366 1219 422 1280 3³.
466 1221 503 1278 Iu
525 1219 665 1279 columna
685 1220 820 1296 porticus
846 1218 903 1277 fori
928 1236 1008 1278 nona
1033 1217 1068 1294 (a
1089 1187 1229 1296 basilica)
1255 1218 1370 1278 ordinis
1393 1218 1598 1278 meridionalis
1618 1221 1682 1280 inte·
1748 1233 1749 1274 t

404 1322 493 1383 rioris
514 1325 605 1382 rubro
627 1322 728 1382 colore
749 1323 781 1382 iu
803 1321 864 1382 tofo
886 1323 984 1400 pictus
1006 1329 1052 1380 est
1073 1321 1191 1380 titulus:

915 1454 1128 1531 vaamunirn

912 1580 1125 1639 Vamoniorum
1149 1579 1190 1656 (i)

307 1693 309 1702 Ι
364 1720 407 1778 ita
428 1728 461 1777 ut
482 1718 619 1796 singulae
640 1718 759 1777 litterae
781 1718 846 1778 eius
867 1719 899 1777 in
922 1717 1049 1794 singulis
1072 1717 1153 1776 striis
1176 1716 1316 1777 dimidiae
1341 1719 1437 1794 partis
1458 1718 1613 1778 columnae
1633 1721 1685 1778 dis-
1748 1713 1749 1766 l

364 1822 481 1899 positae
504 1821 573 1880 sint.
616 1819 653 1878 In
676 1821 772 1879 altera
794 1820 917 1879 dimidia
941 1827 1026 1896 parte
1053 1820 1116 1879 eins
1136 1820 1293 1878 columnae
1320 1821 1424 1880 eadem
1444 1823 1564 1881 ratione
1585 1822 1684 1900 pictum

306 1984 310 1994 ,
364 1936 411 1986 est
432 1923 575 1982 Latinum
598 1922 773 1981 vocabulum
803 1922 908 1994 Victor,
937 1923 979 1980 ita
1003 1922 1137 1981 uthnius
1159 1923 1261 1981 littera
1281 1940 1302 1981 v
1324 1923 1354 1980 in
1376 1923 1479 1983 eadem
1503 1925 1578 1983 stria
1598 1927 1686 2002 posita

365 2028 406 2087 sit
427 2045 462 2085 ac
483 2025 584 2084 littera
604 2025 735 2102 prima]
759 2024 896 2084 vocabuli
917 2025 999 2083 illins
1021 2023 1103 2098 Osci,
1126 2024 1260 2095 Fiorelli,
1285 2023 1386 2084 Giorn.
1408 2027 1436 2084 d.
1454 2029 1530 2085 acad.
1548 2029 1577 2086 d
1594 2028 1682 2102 Pomp.

370 2129 433 2188 Vol.
449 2129 478 2187 Ι.
500 2129 592 2198 1850,
610 2147 643 2204 p.
660 2127 708 2197 X,·
729 2130 767 2202 cs.
786 2147 818 2203 p.
836 2127 894 2185 XI.
932 2125 1012 2184 Mora
1034 2127 1126 2202 epiqr.
1142 2125 1244 2202 Pomp.
1268 2128 1323 2186 tub.
1341 2128 1382 2198 X,
1397 2129 1424 2199 1,
1442 2148 1473 2204 p.
1490 2131 1533 2200 11,
1560 2129 1634 2188 unde
1655 2129 1683 2186 G.
1748 2187 1749 2224 p

368 2231 519 2302 Garruccr',
544 2230 638 2306 Teqol.
655 2229 773 2289 Ccmcm.
795 2247 847 2287 corr
867 2247 970 2305 rappr.
985 2229 1099 2304 qroffic
1121 2228 1193 2304 lcqq.
1211 2227 1277 2287 Oac.
1297 2249 1329 2305 p.
1346 2233 1366 2289 8
1381 2250 1424 2306 aq.
1458 2231 1600 2302 derani,
1621 2232 1649 2290 0.
1662 2231 1684 2287 l.

365 2335 434 2392 Ital.
451 2343 469 2392 t.
483 2332 558 2404 LII,
577 2333 670 2405 2803,
693 2333 744 2391 ubi
765 2349 819 2408 pro
838 2331 935 2391 'lictor
949 2331 1095 2406 scriptum
1117 2341 1164 2389 est
1184 2334 1314 2406 victoria,
1338 2333 1375 2405 os.
1390 2333 1530 2403 Endcria,
1554 2333 1686 2391 Formenl.

366 2439 394 2496 d.
413 2435 481 2496 Oslt.
499 2434 566 2511 Spr.
589 2454 617 2492 rr.
637 2433 739 2492 XXX
745 2433 802 2492 VH
804 2476 813 2503 ,
839 2432 876 2502 6,·
899 2465 941 2476 -—
962 2431 1188 2509 chqemcistcr,
1217 2433 1309 2491 Inscr.
1330 2453 1398 2510 par.
1416 2435 1517 2512 Pomp.
1539 2433 1573 2494 C.
1588 2434 1613 2492 Ι.
1628 2435 1686 2492 Lat.

365 2539 387 2597 Ι
392 2539 424 2610 V,
439 2539 513 2609 674,
529 2545 585 2594 aot.
602 2567 642 2578 -
658 2533 784 2593 Fiorelli
800 2535 888 2594 etiam
903 2535 935 2593 in
951 2535 1011 2594 alia
1025 2535 1164 2594 columna
1186 2536 1320 2594 eiusdem
1342 2537 1478 2612 porticus
1498 2537 1575 2616 legit
1590 2545 1686 2596 utram-
1748 2553 1749 2578 ¹

366 2659 426 2718 que
447 2658 550 2699 vocam
572 2641 736 2697 conmunire
757 2647 786 2696 et
804 2637 900 2696 Victor
921 2636 1038 2712 (Giom.
1063 2638 1081 2694 l.
1098 2655 1122 2696 c.
1141 2657 1173 2714 p.
1190 2636 1249 2713 X).
1284 2635 1397 2697 Contra
1410 2639 1687 2717 Zangemeistervc-

367 2743 507 2803 cabulum
534 2741 631 2800 Victor
654 2742 746 2799 semel
766 2746 883 2799 tantum
904 2740 1017 2816 pictum
1036 2739 1160 2812 invenit,
1184 2747 1216 2797 at
1236 2744 1398 2799 caumanim
1420 2741 1554 2801 affirmat
1577 2743 1688 2819 ,repeti-

369 2855 431 2905 tum
453 2845 486 2904 in
507 2851 648 2920 quattuor
669 2843 814 2902 columnis
835 2842 1014 2920 propinquis
1037 2841 1082 2917 (in
1104 2853 1201 2914 sexta,
1223 2842 1273 2900 ubi
1297 2860 1351 2918 pro
1366 2857 1387 2900 v
1401 2843 1534 2902 sortasse
1558 2853 1652 2904 exstat
1663 2863 1688 2915 r,

368 2948 399 3008 in
421 2956 542 3018 octava,
570 2945 600 3002 in
622 2945 760 3021 angulari
786 2944 918 3003 eiusdem
947 2952 977 3001 et
1003 2943 1158 3002 orientalis
1181 2943 1294 3003 ordinis
1320 2945 1402 3003 etin
1424 2947 1568 3021 proxima
1588 2949 1625 3006 ab
1643 2947 1689 3004 hac
1748 2941 1749 2952 ¹

366 3049 519 3110 meridiem
531 3065 638 3106 versus
655 3047 767 3105 ordinis
785 3045 965 3122 orientalis),
979 3047 1030 3105 sed
1043 3065 1082 3104 ex
1096 3055 1180 3122 parte
1195 3047 1583 3134 tantummodoservatum.
1610 3047 1689 3108 “Cum

373 3153 545 3213 Vacmunim
587 3151 626 3208 sit
662 3149 810 3226 genitivus
856 3149 932 3225 plur.
975 3148 1108 3209 eiusdem
1150 3149 1263 3208 formae
1311 3158 1365 3234 ut,
1386 3150 1496 3226 Upaim,
1549 3151 1689 3220 Aieemim

369 3255 498 3332 Safinim,
520 3251 619 3324 dicim,
635 3269 759 3326 cumque
774 3251 900 3328 genitivi
914 3251 990 3326 plur.
1006 3252 1159 3309 nominum
1174 3252 1328 3329 gentilium
1349 3251 1458 3328 ipram,
1479 3251 1612 3325 Virdium,
1627 3253 1690 3309 ltc-

368 3361 487 3417 vatiiam
508 3356 539 3413 in
561 3354 656 3413 titulis
672 3351 835 3430 Campanis
857 3353 989 3412 indicent
1009 3354 1147 3413 homiues
1170 3354 1342 3430 complures
1363 3354 1497 3413 eiusdem
1519 3355 1626 3431 gentis,
1646 3356 1689 3429 qui

369 3459 448 3518 dona
488 3457 551 3516 deis
590 3456 734 3515 dederuut
773 3456 822 3514 vel
861 3463 1026 3531 posuerunt
1067 3457 1108 3532 (n.
1138 3455 1210 3532 19.),
1246 3466 1478 3514 consentaneum
1519 3465 1583 3530 est,
1613 3457 1690 3514 etium

375 3562 545 3621 Vaammrim
567 3576 635 3618 esse
657 3558 822 3638 genitivum
848 3557 924 3635 plur.
952 3558 1081 3617 nominis
1104 3557 1240 3636 gentilis,
1268 3577 1327 3635 quo
1350 3558 1546 3635 significetur,
1568 3560 1690 3619 homiues

369 3664 456 3722 huius
479 3662 577 3742 gentis
600 3671 651 3720 aut
672 3662 754 3737 ipsas
769 3659 924 3719 columnas
946 3659 1099 3719 faciendas
1121 3660 1167 3718 vel
1189 3660 1364 3720 reficiendas
1386 3679 1519 3732 curasse,
1540 3663 1573 3722 iu
1594 3661 1691 3739 quibus

369 3783 478 3824 nomen
501 3765 646 3841 scriptum
668 3763 798 3840 legatur,
826 3771 877 3820 aut
902 3763 982 3821 dona
1010 3763 1240 3839 qualiacumque
1267 3762 1402 3836 dedisse,
1431 3764 1544 3839 quibus
1570 3764 1690 3841 porticus

369 3869 428 3927 lori
453 3865 631 3943 Pompeiani
660 3873 865 3924 exornaretur.
911 3862 971 3924 Sed
998 3864 1151 3923 fatendum
1178 3874 1238 3935 est,
1269 3883 1378 3924 nomen
1413 3866 1583 3925 Vaamrmim
1608 3883 1690 3942 neque

370 3971 401 4030 in
422 3969 490 4030 aliis
512 3969 607 4029 titulis
629 3966 719 4027 Oscis
741 3967 812 4044 legi,
835 3985 931 4043 neque
954 3967 985 4025 in
1006 3967 1110 4045 lingua
1130 3966 1241 4026 Latina
1261 3966 1396 4028 inveniri.

374 4161 527 4172 ...ι-,-

372 4324 431 4386 34.
477 4323 639 4400 Inscriptio
670 4322 761 4380 rubro
788 4321 888 4380 colore
920 4321 1001 4399 picta
1030 4321 1062 4381 in
1088 4323 1152 4380 tofo
1181 4323 1299 4382 aedium
1327 4325 1430 4383 strada
1456 4325 1535 4383 della
1564 4325 1691 4390 Fortuna

414 4447 442 4486 rr.
458 4425 502 4485 ’3.-

719 4571 850 4681 m]q[r]a
877 4559 948 4679 silli
1167 4571 1253 4632 Mara
1280 4569 1394 4632 Sillins.

455 4788 648 4848 Delineatam
677 4788 758 4848 misit
786 4789 824 4848 R.
848 4787 992 4850 Schbeue.
1037 4785 1181 4864 Supplevi
1208 4805 1391 4863 praenomen
1418 4787 1512 4847 Mara
1541 4785 1688 4847 secundum

374 4897 495 4974 Mapors
521 4899 551 4949 et
576 4900 679 4950 uotam
708 4893 772 4951 eius
794 4891 852 4951 Mr.
876 4889 1036 4966 (Memora,
1066 4887 1130 4948 Unt.
1150 4889 1235 4948 Dial.
1254 4911 1286 4966 p.
1305 4889 1395 4966 241),
1422 4899 1594 4968 comparata
1619 4887 1689 4946 Osca

375 4991 551 5052 nominativi
573 4993 671 5053 forma
692 4993 799 5054 Arlr'ia
820 5013 876 5071 pro
898 4991 1017 5052 Graeca
1036 4984 1185 5075 Ἀρχίας·
1205 4992 1256 5070 (cs.
1280 4995 1349 5068 infr.
1373 5011 1402 5050 n.
1425 4992 1488 5069 40).
