3532 5938
395 537 449 588 so.
470 537 519 588 nu
538 538 720 590 uvnnnus
739 538 878 591 saurus
895 539 1112 592 nncvansm.
1340 521 1411 592 281

98 711 199 771 Lucilii
221 712 357 772 Africani
382 708 503 789 reniet)
532 722 619 790 atque
645 712 687 770 ita
715 713 804 772 etiam
829 713 856 771 is
884 713 970 773 locus
994 717 1043 775 ubi
1069 717 1217 775 nundinae
1239 717 1415 793 agebantur.

99 814 249 890 Emptione
278 825 375 874 autem
403 816 544 874 territorii
570 815 715 875 Africano
743 815 790 875 ius
818 817 1015 876 nundinarum
1043 837 1103 878 non
1130 819 1356 894 adquirebatur;
1384 821 1416 879 id

99 918 169 975 enim
190 917 419 993 haudquaquam
442 918 509 976 loeo
531 919 694 990 adhaeret,
712 919 763 978 sed
786 919 944 996 privilegio
966 922 1156 999 imperatoris
1179 931 1338 982 senatusue
1359 924 1415 981 rei·

99 1020 224 1096 publicae
253 1020 341 1080 alicui
367 1021 518 1080 hominive
541 1021 689 1080 tribuitur.
732 1021 935 1081 Nihilominus
962 1024 1020 1082 loci
1046 1024 1165 1083 domino
1187 1043 1252 1083 cum
1274 1026 1321 1083 ius
1343 1046 1416 1084 nun·

99 1121 228 1181 dinarum
258 1123 461 1182 habendarum
490 1123 548 1182 soli
575 1125 666 1183 tribui
692 1134 812 1201 posset,
845 1134 961 1203 poterat
989 1127 1016 1184 is
1045 1127 1263 1202 quodammodo
1289 1127 1325 1186 de
1353 1129 1417 1188 iure

100 1224 192 1300 aliquo
225 1241 282 1283 suo
310 1225 403 1302 loqui.
459 1224 519 1286 Sed
551 1227 625 1286 haec
657 1235 691 1284 ut
723 1229 843 1286 omnino
875 1229 991 1287 ineerta
1023 1239 1104 1300 sunt,
1137 1230 1179 1288 ita
1208 1229 1338 1290 fortasse
1370 1247 1417 1289 res

99 1327 180 1404 longe
206 1327 295 1386 aliter
323 1344 356 1386 se
382 1328 481 1386 habet.
524 1329 590 1388 Etsi
617 1331 695 1388 euim
722 1332 800 1407 apud
821 1331 895 1390 iuris
918 1341 1055 1408 auctores
1083 1332 1159 1390 nihil
1184 1332 1221 1390 dc
1248 1352 1284 1391 ea
1304 1352 1337 1391 re
1358 1340 1417 1390 tra-

99 1429 184 1501 ditur,
210 1431 366 1506 probabile
392 1440 490 1488 tamen
518 1439 565 1489 est
590 1450 648 1490 non
675 1434 834 1509 unicuique
860 1433 906 1491 ius
933 1435 1130 1493 nundinarum
1156 1444 1255 1512 petere
1281 1435 1417 1494 licuisse:

99 1531 221 1590 fortusse
249 1532 296 1591 ius
324 1532 399 1590 illud
426 1551 464 1592 ex
486 1533 610 1608 privatis
637 1553 697 1593 non
718 1535 904 1594 tribuebatur
927 1535 984 1594 nisi
1007 1537 1232 1612 possessoribus
1254 1537 1302 1595 vel
1324 1538 1418 1596 maior

100 1651 199 1692 oeneus
222 1634 433 1710 postulabatur
454 1644 484 1693 et
505 1654 581 1711 quae
603 1637 748 1696 eiusmodi
771 1637 960 1695 condiciones
983 1640 1148 1715 excogitari
1169 1652 1310 1716 possunt:
1338 1641 1418 1715 quod

101 1737 124 1793 si
143 1737 311 1806 statuimus,
337 1737 405 1796 iura
426 1737 560 1796 Africani
587 1738 785 1815 intellegenda
813 1749 883 1798 sunt
910 1740 1041 1814 litterae,
1074 1742 1183 1818 quibus
1213 1742 1419 1820 comprobavit

101 1839 313 1898 sesecundum
335 1841 432 1917 legem
453 1841 499 1899 ius
522 1841 719 1900 nundinarum
741 1842 975 1900 exercendarum
997 1843 1152 1920 adquirere
1174 1861 1274 1921 posse.

176 2022 294 2104 Scripsi
318 2027 512 2104 Argentea-ati
535 2046 637 2086 mense
659 2027 784 2088 Octobri
809 2027 898 2087 1874.

614 2125 622 2134 ’
1084 2147 1123 2210 G.
1148 2149 1335 2212 Wmuauns.

451 3161 665 3240 SOHOLIA
692 3161 771 3237 ΤΗ.
798 3160 1070 3238 MOMMSENI.

105 3428 149 3486 ld
168 3447 195 3488 r.
213 3429 241 3488 1.
285 3428 468 3488 Tertitorium
489 3426 732 3486 Musulamiorum
754 3427 795 3484 ad
815 3425 908 3485 Casas
932 3426 1011 3502 quod
1032 3425 1112 3485 inira
1132 3425 1251 3506 legitur,
1278 3426 1423 3486 hocloco

141 3532 269 3591 breviter
297 3531 404 3590 dicitur
430 3533 601 3590 territorium
626 3525 758 3588 Catenae.
801 3528 836 3587 Id
863 3530 905 3587 ita
932 3529 1033 3606 accipe
1059 3529 1240 3588 territorium
1267 3528 1331 3589 eive
1353 3547 1423 3606 gen·

142 3641 197 3692 tem
224 3633 384 3711 dupliciter
410 3632 573 3709 significari
600 3650 666 3689 cum
689 3650 708 3691 a
728 3631 833 3708 populi
854 3631 974 3690 nomine
995 3639 1058 3690 tum
1079 3633 1117 3692 ab
1140 3633 1250 3709 oppido
1272 3632 1424 3710 primario,

141 3735 201 3795 fere
227 3737 312 3795 utin
334 3734 436 3796 Gallia
458 3735 522 3792 sive
544 3733 666 3794 Aeduos
692 3733 827 3793 nomines
853 3734 917 3792 sive
938 3734 1198 3810 Augustodunum,
1224 3734 1348 3812 perinde
1369 3742 1423 3793 est.

144 3835 189 3896 Cf.
210 3837 304 3897 Kuhn
328 3838 503 3915 Versossuaq
525 3833 574 3895 dea
594 3838 666 3894 rim.
688 3836 805 3908 Reicies
826 3835 855 3906 2,
872 3835 1006 3912 405seq.
1050 3835 1160 3895 Lucilii
1182 3836 1317 3896 Africani
1339 3853 1425 3895 sena·

142 3941 213 4000 toris
240 3940 370 3999 Romani
402 3940 509 4000 saltum
537 3938 734 4016 Beguensem'
751 3948 866 4015 partem
893 3956 954 3997 uon
980 3937 1132 3996 minimam
1159 3938 1301 3998 territorii
1327 3939 1424 4016 gentis

143 4041 387 4102 Musulamiorum
408 4041 504 4101 luisse
525 4048 757 4100 consentaneum
780 4050 834 4099 est.

108 4145 152 4202 Ad
173 4163 200 4202 v.
217 4145 246 4204 2.
288 4144 377 4204 Liber
402 4147 601 4203 sententiarum
627 4147 657 4201 ia
683 4152 784 4202 senatu
811 4145 951 4204 dicturum
973 4143 1004 4202 T.
1026 4144 1095 4202 Iuni
1116 4144 1206 4222 Itiipri
1231 4141 1263 4201 C.
1285 4142 1425 4219 Pomponi

149 4247 289 4307 Camerini
309 4247 513 4340 co(p)s(ulum:
540 4247 583 4303 ita
609 4246 687 4304 enim
715 4247 850 4323 explico)
878 4245 1100 4322 componendus
1124 4255 1171 4305 est
1193 4264 1260 4305 eum
1282 4245 1358 4303 libro
1379 4263 1426 4315 eo,

145 4353 174 4407 ia
198 4369 254 4427 puo
281 4359 348 4409 auat
374 4349 618 4408 senatusconsulto
643 4347 692 4409 On.
719 4347 850 4407 Carmelio
871 4346 910 4406 L.
933 4347 1070 4406 Mummio
1095 4366 1152 4406 coa.
1180 4347 1221 4423 (a.
1244 4367 1272 4406 u.
1294 4366 1319 4405 c.
1340 4345 1425 4421 608),

112 4589 305 4600 -——-—

181 4767 204 4831 ¹)
233 4769 371 4820 Frontinus
389 4771 417 4819 in
435 4777 545 4834 gromat.
564 4785 589 4833 p.
611 4768 644 4820 53
663 4769 709 4820 L.:
736 4769 763 4817 ia
783 4767 884 4833 Africa,
904 4765 949 4816 udi
966 4765 1046 4817 saltus
1069 4781 1117 4815 aaa
1136 4765 1244 4815 minares
1262 4761 1354 4815 labent
1367 4765 1425 4832 pri·

112 4861 160 4908 cuti
175 4876 246 4926 quma
263 4859 408 4928 respublica
427 4863 572 4912 territoria:
602 4863 662 4928 quia
684 4861 755 4911 immo
774 4860 858 4910 multia
877 4859 957 4910 adura
981 4859 1054 4925 loape
1074 4858 1182 4908 maiores
1200 4864 1257 4908 suat
1276 4857 1425 4908 territoriis:

114 4949 195 5003 lateat
211 4961 289 5004 metam
307 4955 335 5003 in
354 4952 460 5004 salubus
473 4955 576 5022 priuati
593 4970 642 5004 aaa
660 4955 775 5020 eeipuum
791 4953 910 5021 populum
925 4950 1050 5020 plebeium
1067 4955 1091 5000 et
1109 4965 1179 5002 uacca
1204 4950 1275 5000 circu
1293 4950 1381 5000 uallum
1399 4950 1427 4999 ia

114 5043 199 5095 nodum
222 5047 388 5097 munitionum.
426 5047 526 5097 Plinius
544 5047 570 5096 h.
588 5061 614 5098 n.
637 5049 684 5110 18,
700 5045 729 5108 6,
745 5045 793 5097 352
817 5061 860 5096 aee
879 5044 974 5096 domini
991 5043 1113 5096 emissem
1131 5041 1238 5110 Africae
1253 5039 1426 5112 possidebant,

116 5151 161 5186 cum
178 5138 299 5206 merjam
316 5155 359 5191 eae
375 5135 454 5190 Nero.
