3530 5932
521 592 631 644 assur
658 592 740 643 nnn.
768 591 895 644 usum.
1310 568 1377 639 101

67 767 131 826 dolis
150 773 180 824 et
200 765 347 824 formulae
368 765 539 844 diligentia,
566 775 600 824 ut
623 765 655 824 id
677 767 766 824 etiam
789 782 865 823 saxo
887 764 1066 824 incideretur
1087 769 1289 842 imperatorem,
1310 762 1382 824 Cne-

67 889 142 930 επακ
163 873 193 926 ia
214 877 307 928 moute
320 869 427 942 fuisse,
449 868 605 946 aequalem
621 886 724 928 eorum
739 875 907 945 temporum
923 879 1083 940 auctorem,
1105 868 1136 927 ni
1150 867 1249 940 fallor,
1270 868 1380 945 prodit.

68 971 133 1034 Sane
161 973 229 1049 ipsa
255 971 431 1050 fragmenti,
464 970 501 1030 de
527 989 587 1047 quo
614 971 747 1048 agimus,
774 972 921 1048 scriptura
947 970 1079 1029 rationes
1106 989 1190 1030 meas
1216 971 1381 1030 confirmat.

68 1076 112 1134 bct
131 1075 207 1132 enim
229 1072 283 1132 illa
306 1073 493 1151 superiorum
515 1092 610 1150 aeque
633 1091 667 1132 ac
687 1073 888 1149 posteriorum
910 1073 1114 1133 columnarum
1137 1072 1304 1146 dissimilis,
1329 1075 1382 1133 mi-

68 1179 160 1250 nutior,
186 1176 319 1248 densior,
340 1195 378 1236 ne
400 1177 572 1237 uberiorum
593 1196 693 1236 rerum
716 1177 819 1252 copiae
840 1177 968 1252 spatium
991 1175 1115 1236 deesset.
1160 1173 1297 1235 Ceterum
1320 1185 1383 1234 tota

67 1281 158 1339 borum
180 1280 417 1356 fragmentorum
446 1279 699 1356 palaeographica
722 1279 800 1337 ratio
826 1277 942 1356 aliquid
968 1279 1107 1356 perplexi
1132 1278 1235 1352 habet,
1264 1278 1382 1356 dequo

66 1383 169 1440 nonnisi
190 1382 356 1459 propositis
376 1381 483 1440 formis
506 1382 546 1440 ad
567 1383 731 1459 archetypa
752 1381 906 1458 expressis
928 1381 1036 1440 disseri
1055 1388 1164 1459 potest.
1206 1379 1266 1440 Sed
1288 1381 1381 1440 tutius

67 1491 101 1544 est
118 1485 194 1543 hanc
217 1484 423 1561 quaestionem
444 1483 565 1543 differre
590 1485 622 1542 in
649 1493 783 1562 tempus,
813 1485 893 1560 quod
921 1501 1009 1562 spero
1038 1484 1123 1543 brevi
1149 1483 1288 1559 felicique
1314 1503 1381 1542 oum

67 1605 190 1646 successu
211 1595 384 1659 venturum,
410 1604 476 1646 cum
503 1605 604 1646 aream
626 1586 693 1645 Iovi
720 1585 820 1646 latiari
848 1587 920 1644 olim
950 1604 1065 1646 sacram
1091 1585 1228 1646 ordinata
1248 1586 1382 1646 fossione

67 1689 286 1766 explorabimns.

131 1792 182 1852 Ad
196 1809 285 1868 quem
301 1809 398 1867 usque
413 1771 524 1851 aunum
547 1792 577 1849 hi
592 1790 662 1850 fasti
681 1793 743 1850 sint
756 1761 931 1863 continuati,
953 1789 1037 1850 nullo
1058 1807 1184 1870 possum
1207 1800 1382 1870 argumento

68 1893 182 1953 delinire.
220 1892 422 1956 Suffectorum
443 1895 601 1954 consulum
623 1894 730 1954 aetatis
749 1895 890 1965 incertae,
912 1894 963 1971 qui
985 1893 1121 1970 inscripti
1143 1900 1213 1952 suut
1233 1893 1383 1973 fragmen-

68 1997 268 2056 tisahlarinio
284 1997 384 2070 editis,
407 1997 539 2056 nondum
555 1997 647 2056 ullam
662 2003 805 2073 quantum
827 1995 890 2055 scio
912 1995 1049 2055 notitiam
1072 1995 1153 2055 nacti
1175 2014 1278 2055 sumus
1301 1997 1383 2074 (vide

68 2097 232 2172 0.1.1..11,
249 2097 355 2175 2344).
389 2097 496 2158 Ferias
519 2098 628 2158 latinas
658 2108 787 2158 exeunte
809 2098 929 2158 saeculo
953 2099 1041 2158 tertio
1063 2099 1113 2157 vel
1133 2099 1255 2157 ineunte
1277 2109 1382 2176 quarto

69 2201 192 2260 celebrari
222 2200 302 2260 haud
327 2200 456 2262 desiisse
485 2209 613 2260 testatur
638 2201 721 2261 basis
747 2211 865 2261 statuae
891 2201 936 2260 M.
953 2202 1025 2260 Aur.
1049 2201 1157 2260 Victori
1182 2201 1212 2262 C.
1234 2201 1267 2261 V.
1286 2204 1381 2278 praefi

63 2305 149 2376 feriar.
168 2304 250 2362 latia
272 2305 414 2362 sccudoti
436 2305 483 2363 dei
504 2302 583 2363 Solis
604 2303 819 2380 religiosissimo
842 2323 860 2362 a
880 2304 982 2362 Iovino
1001 2301 1166 2363 Callidicno
1189 2304 1383 2381 condiscipulo

69 2405 203 2465 dedicatae
223 2404 337 2483 (Orelli
359 2407 470 2484 3154>;
492 2407 578 2466 cuius
600 2407 705 2466 titulus
727 2417 757 2466 et
778 2407 849 2466 stilo
875 2414 904 2466 et
926 2406 1093 2483 scripturae
1115 2424 1222 2485 genere
1244 2415 1382 2480 aetatem,

69 2526 141 2584 quam
153 2509 227 2580 dixi,
248 2527 317 2568 meo
342 2507 452 2568 iudicio
474 2528 546 2586 prae
568 2527 601 2568 se
623 2510 691 2568 lert.
724 2508 841 2568 Harum
861 2509 1003 2569 feriarum
1025 2509 1193 2568 institutum
1215 2511 1304 2568 tertio
1320 2530 1383 2570 ver-

69 2617 134 2669 tente
152 2610 271 2672 saeculo
293 2610 427 2688 viguisse
454 2612 526 2671 item
551 2612 630 2688 lapis
657 2612 745 2672 docet
772 2621 853 2671 certa
873 2611 1018 2691 temporis
1039 2619 1112 2670 nota
1130 2611 1274 2690 insignis,
1304 2631 1383 2671 anno

70 2711 116 2770 its
136 2714 180 2772 rel
202 2713 262 2773 276
285 2732 305 2772 a
326 2714 520 2774 sccmdotibua
544 2715 717 2775 Cabensibus
737 2718 881 2791 feriarum
904 2715 1060 2774 hunorum
1079 2717 1180 2774 monus
1203 2715 1303 2774 albani
1323 2715 1383 2775 Ta-

70 2815 117 2873 cito
136 2818 277 2894 Angusto
305 2815 461 2875 dedicatus
488 2816 584 2892 (Ball.
607 2817 674 2876 dell’
697 2817 749 2877 lat.
775 2817 855 2876 1870
876 2836 906 2893 p.
925 2816 1007 2893 136).
1051 2817 1133 2875 Inter
1158 2816 1327 2893 fragmenta
1352 2818 1383 2877 iu

69 2917 121 2975 eius
140 2919 221 2980 aedis
243 2919 340 2978 ruinis
366 2927 486 2995 reperta
508 2919 669 2979 frustulum
692 2919 752 2980 vidi
774 2919 882 2978 litteris
905 2920 1033 2980 saeculis
1054 2918 1151 2996 quarti
1173 2920 1313 2978 exeuntis
1335 2921 1383 2979 vel

68 3019 149 3094 quinti
167 3027 336 3082 exaratum.
373 3018 540 3081 Christiani
561 3022 724 3098 scriptores
745 3022 834 3081 ludos
857 3023 990 3082 urbanos
1011 3021 1095 3081 Iovis
1116 3021 1232 3079 latiaris
1255 3022 1382 3081 ethnicis

70 3137 144 3200 saepe
165 3125 399 3202 exprobrarunt:
422 3143 491 3184 nam
513 3125 583 3184 dum
604 3124 716 3184 latinae
737 3125 769 3183 iu
790 3132 890 3183 monte
913 3125 1021 3184 albano
1036 3124 1219 3202 agebantur,
1242 3123 1303 3182 ludi
1321 3125 1380 3183 Ro-

68 3242 121 3283 mae
141 3226 264 3298 iebant,
291 3233 321 3284 et
340 3226 410 3286 fuso
433 3245 452 3285 a
473 3227 691 3306 gladiatoribus
713 3226 860 3306 sangnine
880 3228 963 3286 Iovis
985 3227 1176 3286 simulacrum
1202 3244 1382 3306 consperge·
1454 3245 1455 3248 ’

69 3323 141 3385 batur
166 3327 220 3404 (ci.
243 3328 434 3406 Marquardt,
462 3329 626 3389 Handbuch
648 3329 703 3402 IV,
727 3329 816 3406 442).
867 3328 968 3402 Quare
994 3328 1190 3388 Prudentius:
1216 3325 1383 3388 ‘Funditur

68 3427 198 3490 humanus
219 3431 319 3490 latiari
341 3432 371 3490 in
393 3451 514 3491 munere
536 3427 670 3508 sanguis’
694 3431 815 3504 (contra
831 3428 944 3509 Syrum.
960 3432 984 3505 Ι,
1006 3431 1094 3508 396):
1123 3449 1183 3508 quo
1204 3433 1271 3490 loco
1294 3443 1384 3510 poeta

69 3528 98 3587 de
109 3530 307 3592 Romanorum
331 3535 425 3593 sacris
447 3533 579 3610 loquitur
601 3543 670 3592 ante
685 3533 849 3594 Theodosii
871 3535 907 3593 de
922 3534 1057 3612 Eugenio
1073 3543 1200 3612 tyranno
1217 3535 1381 3593 victoriam.

68 3629 267 3694 Nicomachum
295 3653 385 3712 porro
407 3633 586 3695 Flavianum
609 3635 803 3715 Eugenianae
827 3637 967 3696 factionis
990 3637 1094 3696 ducem
1116 3656 1143 3694 a.
1160 3637 1221 3696 394
1248 3638 1382 3696 ethnicas

69 3736 250 3797 caerimonias
264 3737 380 3798 Romae
403 3739 587 3798 instaurasse
602 3740 794 3799 notissimum
809 3748 869 3798 est:
893 3757 1020 3815 eumque
1035 3740 1150 3798 deloco
1166 3739 1236 3800 latio
1251 3759 1384 3816 sperasse

68 3837 173 3897 salutm
197 3859 294 3918 nuper
320 3840 432 3899 editum
454 3861 470 3900 e
492 3841 626 3918 parisino
649 3842 750 3900 codice
772 3860 891 3900 carmen
918 3849 1045 3900 testatur
1072 3840 1206 3918 (Hermes
1227 3841 1283 3915 lv,
1306 3841 1382 3915 3583

69 3936 138 3997 Ball.
161 3941 284 4002 d'orch.
307 3945 384 4000 crisi.
410 3940 488 4000 1868
512 3963 541 4020 p.
558 3943 612 4015 633
640 3943 746 4016 Riese,
773 3944 890 4004 Acthei.
915 3943 965 4002 lat.
987 3943 1003 4002 I
1025 3963 1054 4020 p.
1072 3942 1134 4019 17).
1180 3941 1266 4016 Quae
1291 3944 1384 4002 rerba

68 4057 124 4098 cum
143 4042 298 4104 Prudentii
321 4063 411 4104 versu
437 4044 548 4103 collata
574 4051 604 4103 et
630 4045 761 4104 maxime
782 4045 959 4104 Nicomachi
987 4064 1059 4123 erga
1086 4053 1216 4104 veterum
1246 4046 1384 4105 instituta

68 4151 92 4198 ct
114 4161 196 4203 sacra
221 4147 329 4206 ardens
358 4147 533 4224 superstitio
565 4148 713 4224 probabili
740 4148 850 4206 indicio
877 4157 948 4206 suut
974 4147 1060 4206 illurn
1086 4147 1259 4207 consulares
1283 4148 1383 4207 fasces

68 4260 136 4302 anno
167 4247 227 4306 394
257 4267 375 4308 summa
407 4267 474 4308 cum
511 4257 660 4325 potestate
692 4249 807 4310 Romae
839 4258 987 4310 tenentem
1019 4250 1139 4309 nonnisi
1175 4251 1305 4326 peractis
1337 4270 1383 4308 re·

68 4342 182 4421 lip'osae
204 4350 278 4428 legis
301 4353 487 4431 praescripto
507 4351 609 4410 latinis
633 4361 736 4412 contra
758 4351 964 4412 Theodosium
987 4370 1070 4410 arma
1095 4353 1236 4411 movisse.
1282 4349 1383 4426 Quare

68 4465 90 4501 a·
111 4449 167 4509 394
193 4455 433 4530 antiquissimum
461 4454 573 4513 festum
600 4454 676 4514 diem
703 4456 900 4514 instauratum
927 4454 1092 4530 eodemque
1119 4473 1196 4512 anno
1218 4454 1384 4513 Theodosii

69 4549 279 4628 triumphatoris
300 4557 366 4634 lege
388 4557 418 4614 in
434 4568 609 4634 perpetuum
627 4557 770 4616 abolitum
786 4557 988 4634 templumque
1002 4557 1083 4616 lovis
1099 4557 1214 4616 latiaris
1229 4558 1383 4616 occlusum

69 4654 220 4714 verisimile
242 4657 347 4717 iudico.

1020 4827 1044 4885 I.
1068 4826 1104 4884 B.
1126 4842 1168 4884 nn
1189 4826 1299 4886 Rossr.
