3530 5932
374 515 420 584 96
982 532 1088 584 noser

372 706 450 782 pidis
473 725 576 782 margo
598 707 641 764 ita
662 716 707 764 est
728 706 890 778 diffractos,
912 713 945 764 ut
965 706 1082 763 litterae
1104 704 1224 780 quidem
1247 703 1398 780 perierint,
1424 703 1533 779 planae
1556 721 1619 760 vero
1639 722 1679 759 su·
1752 705 1753 720 ¹

371 809 502 884 perficiei
516 809 646 884 vestigia
666 819 841 886 appareant3
864 817 894 865 et
909 809 959 866 vix
982 808 1071 866 unius
1094 825 1185 884 supra
1199 824 1319 864 versum
1336 803 1354 862 2
1372 805 1490 863 litterae
1511 804 1679 863 altitudinem
1752 819 1753 874 l

371 911 410 968 ad
432 929 578 969 summum
600 911 730 986 lapidem
758 911 927 988 pertingere
949 910 1085 968 dimensa
1107 909 1205 986 spatia
1227 909 1440 966 demonstrent.
1483 905 1596 966 Versus
1616 907 1680 964 tertii
1752 893 1753 952 ἶ

371 1013 456 1072 initio
478 1015 575 1090 prima
595 1014 695 1072 littera
715 1013 738 1089 (1
762 1014 809 1071 vel
831 1029 850 1070 τ
873 1013 922 1070 rel
943 1011 973 1088 r)
996 1031 1015 1069 a
1034 1011 1145 1086 lapidis
1168 1020 1302 1070 extremo
1324 1010 1457 1088 margine
1479 1011 1522 1068 ita
1543 1009 1636 1079 distat,
1654 1015 1680 1064 ut
1752 995 1753 1062 i

372 1116 409 1172 ad
434 1118 563 1194 rigorem
592 1116 741 1175 subiectae
769 1116 914 1173 fastorum
942 1113 1095 1172 columnae
1123 1113 1164 1172 sit
1189 1113 1344 1172 collocata
1387 1112 1424 1170 Id
1446 1111 1519 1171 mihi
1546 1131 1602 1170 non
1625 1111 1680 1168 lere
1752 1149 1753 1152 η

370 1218 511 1277 indicium
535 1219 651 1277 videtur
671 1218 933 1294 praescriptionem
956 1217 1102 1275 fastorum
1129 1233 1221 1292 supra
1247 1215 1445 1292 ipsamhano
1466 1213 1626 1273 columnam
1645 1214 1681 1270 iu·

371 1321 478 1397 cipere.
523 1319 665 1379 Universi
687 1321 846 1379 latinarum
868 1319 939 1378 fasti
961 1317 1055 1395 lapidi
1077 1317 1162 1374 incisi
1191 1337 1260 1375 num
1285 1337 1304 1374 a
1326 1325 1458 1394 tempore
1480 1316 1680 1376 decemviratus

370 1421 524 1481 demum'
516 1423 694 1498 inceperint,
669 1424 784 1480 thoe
814 1440 872 1479 uno
904 1440 964 1479 non
997 1421 1094 1478 ausim
1127 1419 1238 1478 iudicio
1265 1419 1397 1478 definire.
1445 1419 1481 1477 Id
1508 1429 1587 1477 certe
1610 1437 1681 1496 prae·

371 1526 493 1603 scriptio
515 1525 662 1595 docebat,
683 1525 767 1582 euius
793 1523 943 1601 prolixum
966 1531 1082 1581 textum
1104 1521 1196 1580 fuisse
1218 1542 1234 1580 e
1257 1523 1470 1597 superstitibus
1492 1541 1520 1579 v.
1544 1520 1679 1579 blitteris
1752 1509 1753 1522 ¹

392 1645 492 1686 ..rvs
513 1643 616 1686 aviam
639 1628 713 1686 satis
735 1626 926 1703 intelligitur:
955 1643 1049 1701 eaque
1072 1625 1142 1701 quid
1166 1625 1291 1682 subiecti
1319 1625 1389 1684 lasti
1417 1626 1601 1683 continerent
1624 1643 1680 1682 esse

370 1730 551 1807 explicatum
576 1749 604 1786 ιι.
628 1730 644 1786 3
672 1729 950 1788 verba...1nuxa
972 1723 1121 1786 scutetum
1148 1727 1306 1785 manifesto
1333 1728 1475 1786 indicant.
1520 1725 1582 1788 Sub
1607 1745 1680 1804 proe-

370 1833 531 1909 scriptione
551 1830 652 1889 fasti
644 1851 675 1889 ιιι
698 1832 852 1890 columnas
875 1830 1026 1888 distributi
1046 1830 1220 1907 procedunt

453 1932 519 1992 Col
535 1934 551 1992 I
571 1953 598 1990 v.
616 1935 643 1992 5.
680 1933 912 1992 Litterarum..
927 1949 984 1990 ν.Ν
1009 1932 1059 1990 vix
1081 1950 1198 1989 summa
1219 1940 1249 1989 et
1270 1933 1402 2004 minima,
1427 1953 1463 1991 ea
1485 1943 1582 1990 tamen
1602 1941 1679 2000 certa,

370 2037 498 2114 vestigia
519 2036 714 2112 deprehendi.
738 2055 815 2112 quae
837 2053 903 2092 cum
925 2033 1069 2092 historiae
1089 2052 1232 2092 romanae
1254 2034 1410 2094 annalibus
1432 2035 1552 2111 egregie
1572 2053 1679 2092 concor·

369 2138 450 2196 dant.
493 2136 572 2195 Nam
595 2137 793 2196 decemiirum
816 2145 912 2195 aetate
939 2138 1005 2194 idua
1027 2135 1125 2194 Maiae
1151 2137 1299 2194 sollemnes
1325 2139 1457 2195 ineundis
1483 2137 1679 2214 magistratibus

370 2250 452 2298 erunt
478 2239 565 2313 (Liv.
581 2240 640 2312 ΙΙΙ,
665 2239 717 2310 36;
746 2240 782 2297 cl.
804 2239 1029 2298 MommsenR.
1055 2238 1157 2297 Cbroa.
1181 2259 1210 2315 p.
1227 2239 1264 2297 91
1290 2239 1335 2297 ed.
1352 2238 1404 2314 2):
1434 2258 1502 2298 vere
1524 2239 1611 2315 igitur
1630 2257 1679 2295 nou

343 2373 346 2378 ·
370 2352 438 2400 ante
452 2343 572 2401 Iunium
592 2342 708 2400 circiter
723 2360 855 2401 mensem
872 2361 889 2398 a
904 2341 989 2400 novis
1011 2341 1246 2415 magistratibus,
1269 2359 1394 2418 quorum
1417 2341 1449 2398 id
1469 2341 1597 2400 officium
1618 2349 1679 2408 erat,

369 2444 516 2502 celebrari
548 2453 610 2502 tum
645 2444 756 2503 latinae
788 2450 956 2519 potuerunt.
1004 2439 1187 2520 Fragmenta
1212 2462 1355 2502 annorum
1384 2443 1490 2502 536-
1497 2443 1558 2502 554
1583 2444 1679 2502 latinas

369 2547 469 2624 Aprili
492 2546 540 2604 vel
561 2547 641 2604 Maio
663 2547 725 2605 fere
747 2556 918 2605 constanter
940 2543 1112 2620 adsignant:
1135 2545 1173 2602 iis
1196 2547 1281 2604 annis
1304 2545 1401 2606 idibus
1417 2546 1534 2604 Martiis
1557 2545 1679 2604 eonsules

368 2649 575 2726 magistratum
597 2650 714 2722 inibant
735 2649 931 2724 (Mommsen,
953 2650 1015 2708 l.e.
1038 2647 1133 2721 p.,97
1155 2647 1219 2724 98).
1263 2648 1349 2706 Hanc
1371 2648 1513 2707 feriarum
1535 2648 1678 2706 latinarum
1752 2653 1753 2656 ’

368 2771 435 2810 cum
457 2770 647 2810 romanorum
670 2752 898 2828 magistratuum
922 2751 1080 2810 annalibus
1103 2751 1292 2810 concordiam
1316 2769 1343 2808 v.
1362 2751 1430 2808 11·
1421 2751 1532 2828 insigni
1554 2749 1678 2825 exemplo

367 2855 529 2913 confirmat.

452 2956 487 3015 V.
505 2957 533 3015 7.
578 2955 774 3016 Sollemnium
796 2964 934 3015 notarum
957 2973 1042 3016 ω’·
1066 2957 1190 3038 (latinae
1210 2955 1349 3032 suerunt)
1377 2955 1472 3013 altera
1494 2955 1678 3022 desideratum

367 3059 455 3117 unico
471 3059 501 3116 iu
517 3059 563 3117 bie
579 3057 676 3130 fastis,
689 3069 831 3135 quantum
847 3059 883 3116 ad
900 3059 975 3116 hanc
990 3059 1068 3116 diem
1083 3061 1232 3132 novimus,
1249 3058 1386 3135 exemplo
1397 3057 1436 3134 1).
1466 3057 1504 3116 Iu
1518 3057 1679 3136 fragmento,

368 3161 449 3238 quod
470 3162 630 3220 Heuzeuus
657 3161 750 3220 edidit
770 3161 790 3218 l.
806 3181 830 3219 c.
854 3181 882 3238 p.
902 3160 969 3234 132,
990 3162 1021 3234 4,
1046 3163 1109 3220 md
1131 3162 1230 3220 littera
1251 3177 1267 3218 r
1289 3160 1366 3218 baud
1393 3160 1507 3219 omissa
1528 3179 1547 3218 a
1567 3157 1681 3236 lapicida

367 3274 421 3333 est,
445 3263 497 3322 sed
520 3264 616 3341 periit.

450 3366 488 3424 V.
505 3365 533 3424 8.
575 3367 746 3442 Antequam
768 3364 964 3442 fragmentum
991 3367 1003 3422 1
1030 3377 1110 3426 esset
1135 3375 1284 3443 repertum
1312 3374 1341 3422 et
1363 3365 1380 3422 3
1404 3383 1457 3424 suo
1484 3367 1553 3425 loco
1575 3365 1681 3424 restitu-

367 3475 440 3539 tum,
463 3486 539 3544 quae
560 3468 592 3526 in
614 3485 731 3526 summa
751 3468 881 3526 fractura
902 3468 1011 3544 lapidis
1028 3470 1044 3526 3
1062 3477 1239 3546 supereraut
1257 3469 1367 3543 exigua
1388 3468 1553 3527 litterarum
1569 3465 1680 3541 vestigia

367 3570 503 3628 Henneni
530 3570 680 3646 ingenium
704 3570 789 3628 valde
816 3580 976 3629 torserunt.
1020 3571 1208 3629 Burmannus
1237 3569 1355 3646 quidem
1382 3571 1413 3628 in
1441 3573 1509 3646 ipso
1531 3581 1626 3628 moute
1645 3566 1680 3622 al·

366 3673 444 3730 bano
473 3691 510 3730 ea
536 3679 617 3730 recte
639 3672 857 3749 descripserat:
885 3673 922 3730 iis
947 3692 1017 3730 vero
1044 3673 1152 3730 idonea
1179 3673 1387 3749 supplementa
1414 3673 1497 3731 nulla
1519 3673 1681 3731 videbantur

366 3793 458 3850 posse
480 3773 623 3833 adhiberi.
661 3775 710 3833 Ab
731 3774 874 3834 Heuzeno
900 3782 1024 3853 rogatus
1052 3775 1181 3852 lapidem
1208 3793 1263 3851 ego
1290 3775 1410 3852 inspexi
1432 3775 1559 3834 Romam
1586 3775 1680 3851 adpor-

366 3887 471 3935 tatum.
508 3876 684 3935 Extremum
706 3878 848 3954 angulum
871 3879 914 3936 ita
935 3877 1074 3936 detritum
1097 3878 1173 3948 vidi,
1197 3886 1231 3934 ut
1251 3895 1287 3935 eo
1309 3878 1376 3936 luco
1398 3878 1498 3954 potius
1522 3911 1540 3936 ιι
1561 3895 1641 3954 quam
1661 3891 1679 3930 Ν

367 3987 538 4057 appareret:
563 3997 622 4054 quo
643 3979 755 4038 factum
778 3989 823 4038 est
838 3988 871 4037 ut
885 3979 1047 4038 chzcuus
1063 3979 1246 4057 suppleverit
1261 3981 1409 4039 consulam
1425 3990 1574 4040 potestate.
1604 3977 1679 4037 Nuut

367 4080 505 4158 quamvis
528 4081 627 4157 lapide
648 4077 801 4156 deperdito
825 4101 860 4140 ea
883 4082 1010 4158 vestigia
1031 4093 1179 4158 nequeant
1199 4083 1304 4140 iterato
1327 4083 1434 4143 subiici
1455 4083 1601 4154 examini,
1624 4079 1678 4138 uul-

365 4183 427 4242 lum
453 4183 603 4259 reliquum
630 4183 751 4242 dubium
780 4192 839 4256 est,
872 4186 944 4261 quin
972 4184 1134 4242 Burmanni
1162 4185 1250 4242 lectio
1279 4186 1434 4244 verissima
1461 4187 1509 4243 sit.
1552 4185 1587 4244 Id
1611 4182 1679 4240 clare

366 4285 472 4343 docent
492 4284 658 4361 fragmenta
680 4294 748 4361 apte
770 4288 937 4363 composita
963 4299 991 4344 et
1017 4287 1112 4364 ipsius
1140 4287 1247 4364 lapidis
1273 4299 1412 4364 ectypum
1436 4288 1496 4345 uda
1519 4289 1619 4346 charta
1637 4303 1679 4340 er·

365 4387 556 4463 pressumiu
578 4395 678 4446 monte
704 4389 825 4462 albano,
848 4397 1006 4464 autequam
1029 4389 1112 4464 longi
1134 4389 1247 4447 itineris
1269 4389 1372 4447 attritu
1394 4391 1572 4466 superstites
1594 4389 1680 4465 apices

366 4490 472 4548 facicm
495 4499 653 4548 mutarent.
859 4467 863 4478 ¹

448 4591 590 4651 Lectione
605 4594 766 4650 constituta
787 4612 847 4652 non
862 4593 1021 4652 mediocris
1044 4594 1130 4670 pretii
1151 4593 1252 4652 locum
1274 4613 1365 4672 pergo
1380 4596 1542 4654 illustrare.
1575 4595 1613 4653 bl.
1627 4591 1679 4651 Ho-

365 4693 441 4751 ratio
464 4693 596 4753 Barbato
618 4695 735 4753 consuli
761 4715 786 4753 a.
811 4696 870 4754 305
899 4696 1010 4773 duplex
1031 4697 1097 4754 heic
1118 4714 1282 4772 cognomen
1305 4697 1499 4769 adscribitur3
1528 4699 1678 4756 litterarum

366 4796 443 4853 enim
473 4795 601 4872 vestigia
627 4797 772 4869 ...ιιιΙΝ,
802 4799 864 4856 sive
891 4799 945 4857 illa
972 4799 1110 4857 ...axln
1140 4799 1203 4858 sivc
1227 4799 1382 4858 ....ΝιιΙΝ
1413 4801 1618 4879 suppleamus,
1643 4793 1678 4854 uil

443 5035 466 5098 ¹)
492 5035 531 5098 [st
553 5039 614 5103 qum
634 5013 722 5102 vineo,
743 5041 770 5090 n
789 5041 873 5090 :erran
891 5041 953 5090 ιιιι.
974 5037 1065 5090 rnen
1083 5039 1194 5108 temesae
1212 5039 1366 5104 emanue
1385 5039 1518 5103 trasiae)
1539 5058 1584 5092 ιιι
1600 5039 1675 5103 [sue-

364 5127 457 5190 rnnOJ.
495 5131 601 5182 Scilicet
620 5134 706 5183 alteris
724 5135 815 5184 Xviris
834 5141 922 5199 utpote
942 5135 1041 5184 iniustis
1061 5134 1110 5182 hoc
1130 5149 1230 5199 quoquc
1249 5135 1454 5198 exprobrabatur
1473 5136 1549 5186 ferias
1573 5131 1676 5199 publicas

365 5237 410 5272 eos
429 5238 481 5272 uon
501 5223 599 5275 fecisse.
639 5227 690 5277 Τιι.
705 5225 754 5289 M.]
