3540 5940
502 576 700 627 sausoure
720 576 904 627 rarenter.
1291 559 1363 630 355

48 759 169 823 litentur,
191 751 323 826 reliquos
345 768 457 822 omnes,
480 756 606 826 quaest
628 749 737 826 insigni
760 749 904 822 socordia,
938 767 993 808 suo
1026 750 1093 807 loeo
1119 749 1229 809 relatos
1258 753 1364 812 nihilo·

47 859 133 916 minus
154 873 214 913 non
240 853 443 930 deprehendit.

81 959 124 1017 Ex
146 963 287 1036 quattuor
308 963 339 1013 et
359 955 464 1032 viginti
492 953 605 1026 titulis,
632 971 709 1029 quos
740 973 807 1012 vere
829 953 1040 1029 Desjardinius
1067 955 1142 1013 meis
1170 955 1300 1030 addidit,
1328 978 1365 1016 ne

48 1079 112 1122 unus
132 1059 251 1138 quidem
273 1065 333 1131 est,
356 1076 445 1134 quem
468 1068 519 1115 aut
541 1065 657 1115 constet
684 1067 735 1116 aut
756 1058 910 1136 probabile
932 1061 972 1116 sit
996 1057 1091 1116 luisse
1113 1058 1143 1115 iu
1166 1076 1283 1132 museo,
1305 1079 1364 1138 quo
1426 1105 1430 1116 .

45 1175 164 1241 tempore
187 1179 243 1238 ego
265 1159 295 1218 id
318 1161 427 1220 iterata
449 1161 513 1218 vice
537 1160 725 1236 perlustravi.
772 1157 861 1234 Quod
889 1171 986 1218 autom
1015 1161 1056 1217 ait
1078 1159 1166 1217 horno
1189 1180 1255 1220 mea
1276 1163 1365 1239 culpa

46 1269 137 1326 abesse
159 1284 179 1323 a
201 1262 335 1339 Corpore
368 1262 472 1322 titulos
505 1268 536 1321 in
558 1281 693 1321 museum
726 1263 837 1321 inlatos
860 1269 937 1321 inter
958 1261 988 1320 id
1014 1272 1130 1339 tempus
1153 1273 1183 1322 et
1204 1264 1363 1324 voluminis

46 1371 201 1438 editionem,
234 1385 270 1425 eo
303 1366 402 1441 arguit
424 1383 456 1423 se
489 1366 519 1424 in
541 1367 624 1424 hisce
647 1366 754 1424 studiis
777 1367 870 1423 multo
894 1365 989 1442 magis
1012 1377 1159 1424 recentem
1183 1383 1250 1425 esse
1273 1384 1362 1442 quam

47 1493 100 1530 snm
120 1471 193 1547 ipse.
237 1467 337 1526 Velim
359 1473 510 1526 examinet
533 1468 671 1526 volumen
693 1480 886 1544 numeretque
909 1485 1012 1526 musea
1034 1469 1065 1526 in
1088 1488 1123 1527 eo
1146 1470 1363 1548 comprehensa

47 1577 194 1649 doceatque
217 1570 335 1642 deinde,
358 1575 409 1646 qni
425 1571 502 1629 effici
518 1571 624 1647 possit,
647 1580 680 1629 ut
694 1581 799 1646 postea
814 1578 934 1645 reperta
948 1571 1151 1647 undecumque
1167 1572 1204 1629 ad
1220 1571 1363 1630 editorem

46 1679 134 1736 eodem
150 1687 285 1754 tempore
301 1692 396 1750 eoque
409 1674 487 1732 iusto
503 1672 676 1731 afferantur.
720 1671 786 1750 Ego
802 1683 874 1750 puto
889 1693 935 1730 me
950 1672 1060 1730 iecisse
1076 1674 1155 1750 quod
1172 1674 1236 1731 fieri
1250 1675 1361 1751 potuit;

45 1782 82 1838 bis
96 1799 225 1840 museum
241 1780 420 1838 Pestinense
435 1783 531 1833 totum
547 1776 668 1832 excussi
685 1776 786 1850 itaque
802 1793 837 1832 eo
852 1776 985 1850 perveni,
1008 1784 1040 1833 ut
1062 1776 1164 1834 titulos
1187 1777 1315 1854 scriptos
1331 1778 1361 1835 in

46 1903 73 1942 co
87 1883 257 1942 adservatos
272 1881 310 1939 ad
327 1899 418 1938 unum
435 1895 539 1937 omnes
555 1877 695 1936 exhibere
712 1878 859 1953 potuerim
876 1896 894 1935 a
908 1897 956 1935 me
971 1877 1148 1953 descriptos.
1172 1878 1291 1937 Deinde
1305 1880 1361 1937 sub

45 1987 118 2042 inem
140 1986 242 2062 operis
258 1985 419 2042 Romerum
434 1981 583 2040 hominem
606 1981 874 2039 laboriosissimum
894 1988 924 2038 et
943 1981 1154 2038 amicissimum
1169 2000 1223 2056 per
1244 1981 1361 2040 litteras

45 2089 143 2164 rogavi,
164 2097 199 2146 ut
221 2086 409 2145 submitteret
431 2103 509 2160 quae
531 2089 636 2158 parata
657 2083 789 2154 haberet,
812 2101 948 2158 quaeque
971 2084 1061 2154 misit,
1089 2103 1125 2141 ea
1146 2085 1176 2141 iu
1198 2082 1362 2160 appendice

45 2191 128 2264 posui.
174 2187 237 2250 Sed
270 2190 348 2246 banc
379 2205 463 2244 ureae
496 2185 627 2242 incuriae
660 2185 941 2243 demonstrationem
978 2186 1066 2261 plane
1097 2185 1360 2260 Desjardiniauam

46 2313 135 2350 namen
164 2293 240 2350 artis
264 2299 392 2360 nostrae,
426 2289 490 2346 sive
513 2287 651 2344 Tutelam
685 2287 836 2344 titulorum
870 2307 934 2345 eant
958 2287 1089 2346 dicemus
1123 2287 1186 2347 sive
1207 2287 1360 2361 Nemesin,

46 2395 129 2452 statim
151 2393 325 2452 vindicavit.
369 2389 489 2450 Scilicet
521 2390 615 2448 edidit
648 2409 726 2448 anno
757 2390 833 2448 1873
859 2392 904 2447 vir
936 2390 1040 2448 doctus
1064 2389 1220 2448 Parisinus
1254 2391 1359 2451 titulos

45 2517 91 2555 non
111 2497 159 2574 qui
187 2505 251 2554 tum
275 2501 377 2553 essent
398 2494 428 2551 in
451 2509 554 2551 museo
576 2491 756 2561 Pestinensi,
789 2491 843 2550 scd
865 2493 915 2568 qui
948 2492 989 2550 ibi
1023 2500 1124 2552 essent
1145 2510 1203 2568 quo
1224 2502 1360 2570 tempore

45 2600 96 2675 ipse
116 2599 232 2658 Pestini
255 2597 319 2666 luit,
346 2595 491 2672 plurimos
513 2602 610 2652 autem
633 2603 663 2652 et
684 2596 821 2671 egregios
844 2593 945 2653 titulos
967 2593 1140 2672 appendicis
1162 2593 1360 2655 Romerianae

46 2703 97 2776 (qui
117 2713 188 2777 quot
211 2701 282 2771 sint,
304 2699 362 2775 ipsi
384 2697 583 2756 numerandos
606 2696 768 2773 relinquo),
791 2705 824 2754 ut
845 2697 941 2773 ipsius
958 2697 1104 2755 vocabulo
1127 2707 1203 2769 utar,
1224 2694 1358 2770 ‘omisit',

45 2807 204 2880 poteritque,
239 2802 266 2858 si
288 2801 396 2876 placet,
429 2799 553 2858 alterum
581 2800 649 2857 inde
676 2817 734 2857 non
755 2800 852 2858 minus
874 2799 995 2856 uberem
1017 2798 1192 2858 fasciculum
1214 2801 1360 2860 conficere

43 2907 202 2981 inscriptum
226 2904 402 2962 Desiderato
425 2904 473 2960 dcc
495 2902 677 2960 Desiderato.

77 3007 265 3067 Instrumenti
288 3005 442 3063 domestici
473 3003 574 3062 titulos
596 3003 665 3076 XL,
699 3022 774 3080 quos
809 3011 841 3062 ut
864 3003 989 3081 Corpori
1024 3005 1145 3063 adderet
1166 3003 1359 3079 Desjardinio

47 3110 112 3168 ielici
132 3109 246 3168 homini
269 3108 403 3183 contigit,
427 3125 486 3165 non
508 3124 672 3183 persequar
693 3107 839 3164 similiter.
884 3104 963 3167 Sunt
993 3109 1025 3166 in
1058 3105 1103 3164 his
1125 3106 1178 3164 alii
1200 3125 1294 3182 nuper
1314 3128 1359 3166 re-

46 3213 115 3287 perti,
140 3213 191 3270 alii
213 3211 297 3287 iique
318 3211 408 3288 longe
430 3210 531 3286 plures
554 3210 585 3267 in
607 3204 810 3267 ‘Desiderato'
832 3210 905 3267 baec
927 3209 1016 3267 relati
1041 3229 1150 3268 errore.
1194 3210 1237 3270 Ut
1257 3211 1359 3286 tegula

47 3333 68 3370 n.
87 3313 137 3372 273
159 3333 227 3374 mea
261 3323 308 3372 est
336 3311 425 3382 1629,
456 3311 492 3368 15
516 3331 533 3368 a
554 3310 747 3386 Desjardinio
780 3311 858 3368 male
890 3321 1031 3388 corrupta
1062 3331 1158 3389 neque
1181 3313 1297 3389 agnita;
1326 3322 1359 3370 ut

47 3417 143 3490 pondus
164 3437 194 3474 n.
210 3414 270 3473 241
308 3426 354 3473 est
386 3415 416 3471 in
440 3411 573 3490 Corpore
595 3434 622 3471 n.
640 3412 726 3486 2772
750 3413 830 3488 quod
851 3433 910 3472 non
943 3415 1037 3472 miror
1069 3435 1136 3473 enm
1163 3415 1357 3492 ignoravisse,

47 3519 86 3574 sed
107 3520 158 3576 hoc
180 3519 229 3576 vel
253 3519 283 3576 in
305 3518 360 3575 boe
382 3517 500 3574 homine
516 3517 608 3574 miror
630 3516 773 3573 eiusmodi
789 3524 955 3575 monstrum
978 3535 1032 3592 pro
1055 3519 1185 3596 genuino
1201 3518 1357 3577 venditari.

47 3619 102 3678 Non
126 3623 221 3698 magis
251 3619 397 3678 intellexit
422 3619 558 3695 imperite
580 3619 736 3676 confictum
759 3637 825 3677 csso
849 3620 1035 3694 signaculum
1058 3639 1085 3677 n.
1103 3618 1161 3677 247
1186 3636 1357 3680 traversas

47 3721 164 3800 llenique
185 3742 248 3782 non
271 3722 397 3780 attendit
419 3722 457 3779 ad
488 3720 518 3778 id
541 3722 620 3797 quod
652 3722 752 3779 monui
786 3742 814 3798 p.
833 3723 890 3780 743
914 3723 944 3780 in
966 3723 1164 3781 instrumento
1194 3722 1357 3781 domestico

47 3827 183 3902 complura
209 3843 288 3904 quae
316 3823 441 3900 originis
468 3823 592 3881 Italicae
620 3824 667 3881 vol
701 3833 779 3882 certe
813 3844 916 3901 parum
950 3833 1046 3883 certae
1079 3842 1145 3883 esse
1178 3824 1357 3898 viderentur,

47 3927 186 3988 tradidisse
208 3947 257 3986 me
279 3926 402 4002 collegis
425 3926 486 3984 alio
508 3925 573 3983 loco
597 3926 724 3997 edenda,
747 3936 780 3984 ut
801 3928 852 4002 qui
875 3927 946 3984 talia
968 3932 997 3985 iu
1014 3925 1201 3986 Desideratis
1220 3927 1356 4001 collocat,

47 4047 99 4086 nea
118 4051 175 4090 non
190 4031 331 4106 corrigat,
355 4027 407 4089 sed
423 4037 603 4104 corrumpat.
648 4026 778 4086 Omnino
801 4030 917 4104 tegulas
933 4039 961 4086 et
983 4029 1212 4088 instrumentum
1239 4030 1355 4088 univer·

48 4147 99 4189 suar
123 4132 331 4207 Desjardinius
364 4140 424 4189 tam
448 4131 612 4189 incredibili
639 4132 827 4208 neglegentia
859 4133 1005 4202 tractavit,
1040 4140 1072 4190 ut
1103 4134 1134 4190 in
1164 4133 1212 4190 his
1235 4133 1300 4209 ipse
1323 4151 1356 4191 se

49 4235 185 4307 superarit.
230 4233 313 4308 Quid
333 4234 412 4309 quod
439 4234 615 4292 necessitate
642 4241 763 4291 coactus
790 4234 854 4309 ipso
880 4233 1029 4292 Romerus
1055 4241 1149 4291 totum
1176 4234 1254 4291 huno
1280 4243 1356 4293 trac·

48 4345 125 4392 tatum
146 4336 254 4394 abiecit
275 4335 409 4412 haecque
435 4341 536 4394 omnia
557 4353 612 4393 suo
631 4336 727 4394 Marte
754 4355 819 4393 eum
840 4335 898 4392 lide
920 4345 949 4392 ct
969 4337 1117 4395 industria
1138 4337 1233 4395 denuo
1254 4356 1356 4396 recen·

49 4437 103 4493 suit.
142 4437 207 4514 Ego
230 4439 260 4495 in
284 4438 332 4495 his
354 4438 563 4495 additamentis
587 4438 669 4496 solas
692 4439 808 4516 tegulas
831 4447 1005 4516 persecutus
1031 4438 1093 4496 suis
1117 4438 1190 4497 locis
1217 4441 1355 4514 exposui,

51 4533 241 4612 liesjardiuius
264 4541 413 4616 quomodo
436 4557 487 4597 eas
511 4559 613 4599 omnes
637 4541 697 4598 sere
719 4541 795 4599 male
816 4540 923 4616 legerit
944 4548 973 4598 et
994 4559 1133 4616 perverse
1154 4540 1329 4600 confuderit.

83 4641 123 4697 sd
149 4643 309 4701 secundum
338 4642 470 4700 ordinem
499 4651 528 4700 et
554 4643 641 4718 siqua
667 4661 704 4699 ex
733 4642 820 4700 tertio
842 4643 902 4699 buc
923 4643 1072 4718 pertinent
1092 4643 1250 4724 titulorum¹
1268 4662 1286 4700 a
1307 4662 1354 4703 me

50 4741 111 4799 nale
132 4744 276 4803 editorum
299 4745 379 4820 quod
403 4745 516 4814 attinet,
541 4764 597 4802 non
621 4746 707 4820 pauci
730 4745 769 4802 ibi
792 4744 968 4814 referuntur,
993 4762 1069 4820 quos
1093 4745 1164 4802 mihi
1186 4753 1274 4802 antea
1294 4763 1354 4804 non

51 4843 127 4914 risos,
149 4847 199 4904 sed
222 4847 318 4905 editos
341 4846 379 4904 ad
401 4846 539 4921 exempla
561 4847 658 4904 alicua
682 4848 748 4923 plus
770 4848 868 4904 minus
890 4846 1064 4923 imperfecta
1086 4845 1294 4921 Desjardinius
1316 4868 1355 4907 ex

51 4947 200 5027 archetypis
223 4949 373 5024 pleniores
397 4956 426 5006 et
447 4949 661 5007 emendatiores
684 4954 848 5026 proposuit.
890 4949 966 5006 Item
996 4949 1026 5006 in
1049 4948 1144 5007 titulis
1166 4949 1353 5024 quibusdam,

52 5057 74 5098 nt
87 5067 137 5106 aou
152 5051 247 5126 potuit
262 5070 321 5109 non
337 5051 409 5120 fieri,
422 5069 504 5109 meos
520 5069 636 5109 errores
651 5059 729 5109 recte
745 5051 875 5108 evitavit.
899 5052 941 5108 At
955 5069 1014 5109 non
1030 5050 1125 5109 solum
1141 5051 1170 5108 in
1184 5051 1271 5126 longe
1285 5052 1353 5127 plu·

52 5149 119 5206 riuis
132 5151 285 5212 lectionem
308 5155 459 5212 erroribus
481 5153 665 5230 gravissimis
688 5153 854 5228 inquinavit
875 5163 905 5212 et
925 5163 1003 5211 recte
1024 5153 1121 5212 editos
1143 5171 1241 5230 saepe.
1254 5153 1351 5212 denuo

53 5251 157 5325 vitiavit,
169 5255 219 5312 sed
231 5255 319 5313 etiam
332 5255 412 5314 mala
426 5255 528 5314 fraude
543 5255 645 5314 titulos
660 5255 859 5331 interpolavit
882 5255 917 5312 ld
930 5255 1027 5313 adbuc
1041 5255 1215 5332 ignorabam
1226 5273 1352 5331 eumque
