3530 5932
363 529 438 603 194
562 505 567 516 ⁸
931 553 1112 606 coussss:

358 726 503 804 imagines
531 727 685 803 galearum
717 746 784 785 cum
811 727 907 786 titulis
939 734 1074 787 accurate
1100 726 1292 790 adumbratas
1314 725 1496 804 publicarit,
1525 725 1575 784 sed
1594 727 1668 784 etiarn

358 837 469 886 statum
497 838 585 905 atque
615 830 760 906 originem
788 829 944 906 utriusque
970 830 1098 888 cassidis
1127 828 1286 907 diligenter
1311 827 1513 899 examinavit,
1540 827 1669 886 Anticmm

358 932 405 989 dcl
431 931 532 989 Museo
560 934 598 992 di¹
618 931 765 1004 Palermo,
793 943 848 990 tuo.
877 931 923 1003 ΙΙ,
949 933 977 991 4.
1007 933 1035 990 5.
1064 933 1084 990 6
1105 952 1137 1008 p.
1161 933 1200 990 46
1228 950 1271 1007 aq.
1320 928 1458 1006 Cumque
1488 947 1543 1007 ego
1569 930 1669 990 collatis

356 1033 501 1091 Panormi
528 1034 694 1093 litterarum
721 1034 826 1092 formis
853 1034 884 1092 in
912 1043 1036 1110 utraque
1063 1035 1184 1111 scriptis
1207 1034 1280 1092 mihi
1301 1032 1528 1110 persuasissem‚
1556 1034 1670 1110 integrae

358 1134 463 1212 galeae
486 1135 605 1194 titulum
627 1136 664 1194 ad
680 1136 906 1195 similitudinem
921 1136 1045 1195 alterius
1067 1139 1098 1194 in
1113 1137 1208 1194 fracta
1230 1137 1316 1195 incisi
1339 1145 1445 1195 nostra
1458 1135 1574 1193 demum
1588 1143 1670 1193 aetatu

357 1238 516 1308 confictum
544 1255 628 1310 esse,
662 1240 700 1297 Α.
729 1237 848 1299 Saiinas
874 1257 989 1296 mecum
1017 1237 1206 1298 consentiens
1234 1239 1402 1298 certissima
1428 1238 1542 1297 invenit
1568 1237 1670 1308 indicia,

357 1339 505 1417 integram
527 1339 610 1398 illam
633 1340 792 1414 cassidem,
815 1360 903 1418 quam
927 1360 1005 1400 anno
1024 1342 1101 1400 1863
1125 1341 1259 1400 vendidit
1280 1341 1383 1423 opifex
1404 1341 1528 1416 quidam
1549 1340 1669 1398 aurarius

357 1443 481 1501 Porcori
506 1443 639 1514 nomine,
666 1443 781 1502 falsarii
808 1461 877 1503 esse
904 1462 989 1520 opus.
1040 1443 1109 1519 Qua
1136 1444 1172 1502 de
1203 1462 1235 1501 re
1262 1443 1380 1521 plenius
1406 1444 1454 1520 egi
1481 1445 1513 1501 in
1540 1460 1670 1500 comnen-

357 1545 469 1604 tatione
505 1546 541 1604 de
577 1545 697 1623 linguae
739 1545 840 1605 Oscae
885 1546 1064 1622 quibusdam
1111 1546 1311 1606 monumentis
1358 1547 1482 1620 scripta,
1520 1545 1568 1603 ubi
1594 1545 1670 1602 etiam

357 1627 447 1705 tituli¹
465 1648 621 1726 utriusque
656 1649 760 1724 galeae
801 1648 929 1724 effigiem
965 1667 984 1705 a
1016 1668 1063 1706 me
1097 1649 1274 1708 delineatam
1311 1647 1539 1724 imprimendam
1573 1647 1670 1715 curavi,

359 1751 392 1809 Z.
410 1753 437 1829 s.
459 1750 546 1826 oerpl.
571 1749 639 1828 Spr.
662 1751 769 1825 XXII,
791 1771 821 1828 p.
844 1750 903 1810 299
924 1769 966 1828 sq.

993 2410 1056 2486 III.

395 2597 461 2675 DE
488 2595 830 2675 INSORIPTIONE
858 2595 1127 2674 SABELLIOA
1152 2594 1272 2674 AGRI
1298 2595 1639 2672 PRAETVTIANL

436 2853 495 2912 Th.
527 2852 696 2912 Mommsen
728 2872 767 2910 ex
798 2852 903 2911 itinere
938 2853 1047 2930 Italico
1078 2852 1173 2911 redux
1205 2851 1279 2911 mihi
1311 2851 1450 2927 praebuit
1483 2852 1677 2929 apographum

355 2955 559 3032 inscriptionis
580 2957 612 3014 in
634 2973 707 3034 agro
728 2955 925 3015 Praetutiano
947 2957 1117 3016 Picentium
1139 2956 1287 3026 inventae,
1310 2953 1391 3030 quod
1413 2971 1432 3011 a
1452 2953 1561 3012 Ianelli
1584 2953 1676 3012 biblio

356 3058 489 3117 thecario
510 3057 714 3135 Neapolitano
738 3059 861 3136 accepit,
883 3079 982 3136 penna
1003 3059 1043 3117 ad
1064 3057 1290 3118 similitudinem
1312 3057 1423 3133 lapidis
1449 3055 1627 3115 delineatum
1646 3056 1677 3112 ab

354 3163 467 3220 incerto
493 3167 623 3219 auctore.
666 3160 715 3219 De
743 3161 902 3238 alphabeto
930 3159 1079 3222 Sabellico
1107 3169 1139 3220 ut
1164 3179 1267 3239 agam,
1297 3177 1356 3236 quo
1388 3158 1589 3235 conscriptum
1620 3175 1677 3216 esse

355 3265 432 3323 huno
458 3263 577 3322 titulum
605 3263 773 3322 Mommsen
805 3263 890 3338 vidit,
924 3264 1053 3341 effigiem
1086 3263 1251 3341 apographi
1275 3261 1333 3320 hoc
1361 3262 1428 3321 loco
1457 3279 1561 3320 eorum
1589 3261 1675 3320 oeulis

355 3366 580 3444 proponendam
602 3384 670 3426 esse
692 3367 831 3439 arbitror,
853 3367 904 3442 qui
927 3367 1015 3442 periti
1038 3375 1105 3425 sunt
1127 3367 1234 3424 harum
1256 3385 1356 3424 rerum
1378 3365 1563 3444 cognitores:
