3532 5938
391 527 466 599 254
689 545 994 598 ossanvuurosss
1022 547 1299 624 artenspmosa
1316 548 1409 598 xvn.

473 725 506 793 5.
544 717 823 794 Rhoemetalces
845 749 971 818 patruus
992 739 1253 818 praecedentis1),
1280 741 1361 808 filius
1382 743 1474 821 igitur
1495 741 1569 800 alter
1588 741 1695 803 Sadnlae

392 851 422 904 et
442 843 689 916 Polemocratiae,
713 823 780 904 eum
801 843 902 902 fratris
923 844 995 917 filio,
1023 843 1108 902 cuius
1131 853 1219 902 antea
1240 844 1364 904 tutelam
1387 864 1455 904 eum
1476 847 1607 924 gessisse
1626 847 1696 906 moda

391 947 535 1020 vidimus,
568 965 594 1004 a.
618 946 677 1004 743
705 947 911 1020 successisset,
933 967 960 1006 a.
984 947 1043 1006 759
1068 971 1105 996 =
1131 966 1161 1024 p.
1184 944 1256 1006 Chr.
1280 945 1297 1005 6
1326 948 1469 1025 auspiciis
1497 949 1609 1008 Tiberii
1634 950 1697 1008 hello

390 1049 565 1110 Pannonico
580 1050 700 1129 egregie
713 1047 905 1127 pugnavitl).
939 1048 1024 1109 Obiit
1037 1051 1202 1126 imperante
1217 1051 1356 1128 Augusto
1376 1062 1444 1110 ante
1459 1070 1486 1111 a.
1502 1072 1532 1130 p.
1545 1049 1613 1138 Chr.
1626 1051 1657 1110 12
1667 1051 1697 1126 ³).

476 1254 509 1326 6.
546 1249 662 1352 Cotys
682 1273 915 1333 Rhoemetalces
936 1273 1015 1332 filius
1036 1280 1106 1350 post
1126 1275 1222 1351 patris
1244 1282 1370 1335 mortem
1392 1274 1545 1334 meliorem
1567 1282 1596 1334 et
1615 1276 1700 1335 cultio

389 1395 453 1437 rem
481 1377 566 1452 regni
595 1376 659 1435 eius
686 1384 800 1452 partem
831 1377 959 1436 obtinuit
991 1375 1073 1452 (adn.
1105 1375 1149 1453 3),
1184 1376 1323 1435 laudatus
1353 1375 1460 1436 Tacito
1490 1378 1529 1436 ob
1556 1373 1699 1454 ‘ingenium

391 1481 463 1538 mite
484 1487 516 1537 et
537 1475 717 1552 amoenum,
741 1476 894 1554 Ovidio⁴)
916 1481 953 1537 ob
976 1478 1075 1538 studia
1095 1480 1208 1556 poesis.
1253 1479 1358 1538 Patrui
1380 1479 1615 1557 Rhescuporidis
1634 1495 1701 1558 parte

390 1583 486 1660 regni,
509 1601 596 1659 quam
618 1583 647 1640 ei
669 1585 826 1658 Augustus
848 1581 1031 1657 adsignante,
1055 1598 1115 1639 non
1137 1582 1269 1640 contenti
1290 1581 1408 1640 insidiis
1429 1583 1519 1659 periit
1539 1584 1615 1641 inter
1634 1603 1656 1640 a.
1671 1586 1699 1640 ll

393 1692 423 1745 et
447 1685 483 1744 19
506 1705 534 1762 p.
553 1681 673 1760 Chal).
718 1681 815 1760 Cotyn
843 1701 967 1742 uxorem
995 1683 1242 1742 duxisse-liliam
1267 1682 1441 1742 Polemonis
1466 1685 1548 1761 regis
1575 1685 1657 1744 Ponti
1679 1696 1700 1743 et

392 1787 607 1864 Pythodoridis
629 1787 727 1863 neptis
749 1789 788 1844 ex
810 1786 872 1844 filiu
894 1786 934 1844 M.
953 1786 1077 1844 Antonii
1100 1785 1206 1844 IIlviri
1227 1794 1316 1844 antea
1337 1787 1631 1863 compereramus⁶);
1655 1789 1700 1846 ian

392 1908 463 1949 vero
479 1889 599 1948 decreta
620 1890 678 1947 duo
694 1887 910 1965 Cyzicenorum
933 1889 1028 1948 eidem
1051 1887 1172 1946 tabulae
1193 1887 1287 1946 ineisa
1308 1896 1338 1946 et
1359 1875 1482 1947 nomina
1504 1890 1568 1950 eius
1590 1893 1702 1950 mulieris

393 2010 449 2052 nos
466 1993 629 2051 docuerunt
651 2002 681 2049 et
695 1991 755 2048 alia
769 1991 923 2068 complura
938 1992 1016 2050 scitu
1032 2008 1105 2049 sane
1119 1990 1218 2066 digna.
1254 1988 1374 2049 Scilicet
1395 1991 1566 2068 appellatur
1579 1994 1609 2049 in
1622 1996 1702 2070 priore

391 2091 528 2154 Ἀντωνία
542 2098 568 2150 T
568 2085 694 2179 pu'rpcrva
714 2083 863 2159 Caerelliae
878 2081 1039 2157 Πολέμωνος
1059 2081 1107 2148 καὶ
1121 2083 1301 2162 βασιλίσσης
1315 2085 1524 2176 Πυθοδωριδος
1538 2085 1703 2174 Φιλονῆτοξος

396 2305 600 2320 -1-—2———0-—1

474 2449 497 2515 ¹)
522 2449 640 2500 Fratrem
661 2447 790 2497 crederem
810 2451 872 2495 natu
891 2447 1017 2495 minorem
1038 2445 1152 2510 proximi
1171 2445 1239 2510 regis
1251 2445 1462 2510 Rhescuporidis,
1483 2463 1545 2497 eum
1563 2449 1643 2513 plnres
1658 2449 1707 2498 libe-

394 2559 438 2595 ros
458 2549 556 2593 constet
575 2541 660 2606 Cotyn
679 2540 820 2605 reliquisse,
847 2539 897 2588 nisi
915 2537 1037 2600 obstaret,
1067 2538 1136 2602 quod
1156 2537 1355 2589 Rhoemetalces
1375 2540 1497 2589 successit
1515 2539 1596 2590 irater
1614 2541 1706 2592 Rhescu-

394 2637 473 2702 poris,
492 2649 540 2685 nec
559 2633 624 2684 duos
643 2634 758 2684 eiusdem
776 2631 889 2682 nominis
909 2631 1001 2681 fratres
1021 2631 1216 2682 Rhoemetalces
1236 2630 1356 2681 habuisse
1374 2638 1468 2696 potest.

474 2778 498 2846 ²)
523 2783 619 2833 Vellei.
633 2783 657 2843 2,
674 2782 735 2830 112.
773 2779 826 2830 Dio
847 2780 891 2842 55,
912 2779 955 2829 30.
994 2778 1070 2829 Ovid.
1084 2793 1117 2828 ex
1135 2779 1220 2828 Ponto
1241 2779 1265 2841 2,
1280 2779 1305 2840 9,
1320 2779 1364 2829 45.
1380 2779 1422 2830 59.
1460 2781 1569 2832 Nummi
1588 2783 1639 2832 eius
1655 2783 1707 2847 regis

396 2883 486 2928 extant
505 2890 558 2926 non
576 2875 661 2939 pauci,
684 2872 807 2922 hahentes
828 2873 860 2922 ab
879 2886 930 2920 una
949 2878 1022 2936 parte
1036 2877 1111 2934 capnt
1124 2871 1236 2935 Augusti
1255 2871 1384 2936 adscripto
1397 2874 1513 2936 nomine,
1534 2875 1649 2925 adiuncto
1665 2877 1707 2940 ple

396 2983 504 3034 rumque
523 2969 607 3033 capite
625 2967 728 3027 Liviae,
752 2967 783 3015 ab
803 2965 885 3016 altera
903 2971 980 3029 caput
998 2963 1065 3028 regis
1086 2963 1214 3027 adscripto
1234 2965 1295 3014 item
1314 2965 1440 3016 vocabulo
1460 2967 1636 3034 adiunctisque
1653 2969 1707 3034 cepi·

395 3063 464 3112 tibus
484 3077 541 3112 cum
560 3060 650 3110 uxoris
670 3065 723 3109 tum
742 3059 789 3108 filii
809 3058 930 3117 infantis,
954 3056 1043 3120 Cotyis
1063 3056 1181 3105 videlieet
1201 3055 1309 3116 OEchhel
1329 3059 1355 3118 2,
1377 3058 1431 3119 58).
1468 3059 1502 3109 In
1523 3060 1598 3110 titulo
1616 3061 1707 3125 Amphi·

395 3155 512 3221 politano
532 3153 562 3204 C.
578 3153 600 3203 1.
616 3149 661 3203 Gr.
677 3152 748 3201 2009
769 3151 811 3215 qui
830 3151 978 3200 nominatur
997 3132 1151 3216 Φιλοτειμος
1169 3144 1299 3210 βασιλέως
1316 3137 1490 3217 Ῥοιμητᾶλκα
1511 3148 1603 3208 δοῦλος
1620 3161 1643 3202 et
1658 3167 1709 3218 qnae

396 3247 500 3297 titulum
520 3246 647 3296 urbanum
667 3244 746 3295 Orell.
768 3243 820 3293 631
841 3243 926 3307 posuit
945 3239 1015 3290 lulio
1039 3237 1167 3306 Tyndaris
1189 3237 1216 3290 C.
1230 3239 1371 3308 luido-eyia
1389 3241 1595 3296 Rhoemetalcen
1612 3243 1708 3306 iliberto)

398 3347 443 3390 aut
462 3339 496 3389 ad
513 3338 589 3388 huius
607 3337 733 3386 familiam
753 3335 930 3400 pertinuerunt
948 3341 992 3382 aut
1010 3333 1043 3383 ad
1062 3333 1188 3384 familiam
1208 3335 1368 3398 cognominis
1381 3335 1468 3385 fratris
1481 3337 1531 3386 filii
1552 3338 1629 3400 (inira
1644 3354 1666 3387 n.
1678 3339 1709 3398 il:

397 3445 458 3482 nam
478 3431 522 3496 qui
540 3429 588 3479 suh
600 3429 649 3479 Pio
668 3429 696 3478 in
709 3428 827 3493 Bosporo
846 3427 963 3491 regnarit
976 3425 1170 3476 Rhoemetalces
1179 3441 1225 3476 rex
1240 3427 1281 3476 Ti.
1296 3428 1378 3477 Iulius
1396 3427 1445 3477 fuit
1464 3429 1506 3488 (C.
1522 3430 1601 3481 LGr.
1613 3430 1709 3493 ‘slotjt

476 3555 500 3620 ³)
525 3557 630 3608 Tacitus
649 3571 709 3606 ann.
725 3557 750 3618 2,
765 3556 813 3606 64:
834 3569 924 3604 omnem
939 3553 1130 3602 enm'netiocem
1149 3552 1316 3616 (Thraecum)
1330 3552 1517 3606 Rhoemetalces
1537 3563 1656 3618 renuere
1673 3573 1709 3623 que

400 3648 515 3715 deiecere
529 3649 658 3716 Aequales
674 3653 774 3716 partem
792 3645 929 3696 Thraecum
947 3643 1137 3712 Rhescuporidi
1147 3645 1233 3710 fratri
1251 3647 1311 3708 eius,
1328 3655 1428 3714 partera
1440 3648 1501 3714 filio
1521 3647 1595 3716 Cotys·
1607 3651 1711 3717 penaria.

400 3743 465 3793 Cum
483 3743 544 3792 libri
564 3742 669 3792 secundi
690 3741 856 3806 epistularum
876 3755 907 3788 ex
921 3740 1006 3789 Ponto
1026 3753 1122 3788 nonam
1140 3737 1248 3788 Ovidius
1267 3740 1377 3804 scripsit,
1396 3740 1596 3794 Rhoemetalces
1615 3751 1709 3792 mortuus

398 3835 461 3898 fuit3
481 3836 583 3900 scripsit
602 3841 687 3884 autem
706 3849 763 3883 eam
783 3848 806 3882 a.
825 3833 880 3881 fere
895 3833 945 3881 765
967 3831 1071 3880 biennio
1091 3837 1149 3880 ante
1169 3831 1267 3880 obitum
1283 3833 1402 3897 Augusti.

476 3960 510 4024 ⁴)¹
525 3963 567 4013 Ex
585 3963 671 4014 Ponto
692 3963 716 4024 2,
737 3962 767 4011 9:
797 3957 870 4026 Cotyi
886 3959 950 4024 repi.
988 3958 1030 4008 Ibi
1048 3959 1084 4007 ait
1103 3974 1126 4007 r.
1141 3959 1188 4008 492
1214 3973 1258 4008 nec
1279 3974 1365 4024 repam
1384 3961 1516 4027 quaequam
1535 3964 1615 4030 maqis
1632 3971 1664 4013 est
1682 3963 1709 4008 ts·

399 4061 508 4106 structus
532 4052 564 4104 ab
587 4053 643 4104 illia
665 4052 782 4117 (artibus)
806 4050 905 4103 mitibus
929 4058 974 4100 aut
996 4049 1088 4100 studiis
1112 4057 1222 4118 temporo
1247 4050 1328 4117 plura
1352 4049 1435 4102 dedit:
1459 4057 1578 4105 earmr‘ua
1600 4061 1709 4105 testentur.

401 4164 471 4215 quae,
498 4147 583 4197 οίννα
601 4148 701 4197 nomine
720 4144 813 4207 demas,
838 4143 978 4194 Threicium
996 4144 1105 4193 iuuenem
1124 4143 1289 4210 composuisse
1309 4159 1400 4210 neyem.
1438 4147 1574 4212 Antipatri
1594 4148 1711 4199 Thessalo

400 4239 512 4291 nicensis
531 4240 645 4304 aequalis
664 4240 744 4304 ipsius
763 4239 789 4289 in
809 4253 867 4288 eum
887 4237 1046 4301 epigramma
1064 4236 1157 4300 legitur
1169 4235 1195 4284 iu
1213 4234 1362 4300 anthologia
1374 4237 1512 4290 Plsnndea
1531 4244 1557 4302 4,
1573 4243 1606 4291 75
1625 4241 1657 4301 (2,
1670 4239 1711 4287 eta

403 4331 506 4396 Iacobs)
525 4331 587 4383 hoc:

712 4421 773 4486 Ζηνὶ
791 4414 833 4470 καὶ
849 4411 996 4470 ’Λπᾶλλωνι
1015 4417 1055 4468 καὶ
1072 4409 1158 4486 '‘Apat,
1178 4415 1261 4470 τέκνον
1280 4405 1396 4484 arduae,

809 4509 905 4563 εἴκελον
926 4507 1026 4584 εύκτοιίῃ
1046 4507 1151 4580 μητέρος
1171 4505 1266 4583 εὖτοκίῃ

709 4596 789 4657 πάντα
806 4623 847 4654 τοι
865 4603 891 4656 tx
909 4601 1023 4670 Μοιρέων
1043 4593 1178 4668 βασιλήια,
1198 4594 1277 4654 πάντα
1295 4601 1383 4654 rilem

811 4689 907 4762 ἦλθον·
922 4686 1041 4762 ἐποιήθης
1061 4689 1087 4745 δ’
1101 4691 1170 4764 ἔργον
1188 4683 1356 4747 deuterium.

711 4780 775 4850 Zeti:
795 4789 916 4856 σκῆπτρον
935 4782 1079 4854 βασίλειον,
1097 4777 1179 4854 'Aput
1200 4778 1267 4857 deu,
1288 4778 1445 4852 sallustiano
1465 4787 1494 4840 δὲ

813 4883 910 4947 Φοῖβος
929 4879 1001 4954 ἔχει·
1020 4867 1087 4950 nepai
1107 4874 1150 4930 σοὶ
1170 4875 1196 4930 δ’
1210 4870 1296 4952 aspie
1313 4871 1400 4946 adera,
1421 4872 1498 4934 Ko'na

483 5019 507 5084 5)
531 5023 645 5074 Narrant
667 5037 721 5073 rem
745 5023 852 5074 Tacitus
873 5023 901 5083 2,
923 5021 1042 5070 64-67
1069 5027 1093 5070 et
1112 5020 1226 5070 Velleius
1247 5022 1278 5082 2,
1301 5022 1368 5082 1293
1392 5021 1425 5072 ci.
1446 5021 1555 5074 Sueten.
1576 5023 1631 5074 Tib.
1650 5022 1678 5070 37
1695 5027 1714 5065 er

407 5114 491 5170 Strsb.
511 5116 528 5164 l.
550 5131 571 5164 c.

484 5241 508 5307 ⁶)
534 5243 618 5296 suas.
634 5245 677 5306 re,
693 5245 718 5306 a,
733 5244 766 5294 νο
787 5259 812 5310 p.
828 5243 889 5296 sse.
