3540 5940
513 567 709 620 Pnuuoum
728 567 914 620 mnemon.
1301 549 1373 620 353

805 671 901 678 -—-..-.-

73 742 139 802 Grad
158 749 232 814 tres,
254 761 294 801 ex
316 740 498 820 Stuplanica
525 743 617 816 duos,
645 762 684 802 ex
705 741 898 820 Kamongrad
921 743 1011 816 duos,
1039 759 1077 801 ex
1099 723 1254 802 Leranski
1276 741 1375 802 Varol

72 865 155 914 unum,
184 863 222 902 ex
252 843 366 904 Nadiee
397 845 484 916 duos,
519 864 557 904 ex
584 844 732 904 Virovitid
765 845 851 918 duos,
885 846 1019 922 singulos
1051 864 1090 904 ex
1122 843 1247 919 Nullan,
1281 843 1377 918 Sotin,

70 949 210 1018 Banostor‚
231 948 341 1020 Ruma,
363 949 413 1026 qui
436 957 508 1008 eunt
527 948 597 1026 pagi
620 947 685 1024 agri
706 948 768 1006 fere
789 948 925 1008 Iasorum
948 950 1026 1007 inter
1047 947 1181 1007 Dravum
1204 955 1234 1006 et
1256 944 1376 1008 Savum.

71 1049 168 1108 Horum
188 1051 219 1109 in
242 1051 310 1109 aliis
333 1060 438 1110 auctor
457 1052 596 1110 laudatur
617 1049 700 1109 Vaso
722 1050 899 1110 Zdelarovid
920 1051 1047 1123 fiscalis,
1073 1052 1149 1110 alios
1170 1051 1273 1111 llicius
1297 1051 1339 1110 ait
1361 1070 1380 1111 a

73 1170 97 1208 se
116 1153 273 1239 descriptos
295 1171 372 1212 esse.
416 1151 494 1214 Sunt
514 1161 612 1212 autem
635 1154 715 1212 tituli
747 1153 778 1211 hi
800 1154 934 1230 exceptis
957 1154 994 1212 iis
1016 1154 1182 1230 dequibus
1204 1172 1378 1231 supramo-

71 1255 109 1312 nui
127 1271 224 1314 omnes
246 1256 316 1315 falsi
339 1263 369 1315 et
389 1257 432 1314 ita
453 1258 573 1334 quidem
594 1255 722 1328 conficti,
755 1265 788 1314 ut
820 1257 944 1316 eandem
977 1276 1097 1316 manum
1125 1274 1229 1314 omnes
1252 1275 1323 1334 prae
1346 1274 1379 1315 se

71 1357 150 1415 ierant
162 1377 215 1417 nec
230 1358 371 1418 differant
386 1359 546 1420 secundum
562 1377 614 1418 eos
629 1363 681 1435 qui
695 1359 855 1419 laudantur
870 1369 1016 1418 auctores.
1046 1358 1213 1418 Universos
1228 1359 1276 1418 hio
1291 1359 1379 1417 edere

71 1460 139 1532 nolo;
160 1462 273 1520 subieci
295 1461 466 1537 speciminis
485 1480 578 1521 causa
592 1460 771 1522 Sirmienses
795 1463 870 1521 dnos
893 1463 930 1521 od
945 1471 1094 1521 monetam
1116 1462 1299 1539 pertinentes
1320 1472 1379 1520 ter-

70 1563 181 1639 tiumque
202 1565 256 1640 qui
279 1565 364 1624 solus
387 1564 483 1625 adhuc
505 1585 543 1624 ex
566 1566 622 1624 hac
644 1566 762 1642 sylloge
784 1566 880 1624 lucem
904 1565 1058 1642 adspexit,
1088 1565 1215 1643 denique
1241 1575 1379 1643 quartum

70 1663 257 1726 Nasicensem.

69 1907 200 1966 llitroritz
222 1911 263 1966 im
285 1906 396 1968 Garten
418 1910 467 1968 des
488 1909 692 1987 Hauptmonns
717 1907 818 1968 Brlcid.

143 2110 522 2129 ..................
540 2086 621 2129 nero
652 2086 718 2152 aug
741 2069 746 2153 Ι
767 2073 807 2128 tr.
831 2069 900 2150 pot.
925 2063 972 2128 uii
1000 2085 1066 2130 cos.
1091 2062 1137 2128 iiii
1158 2069 1162 2144 Ι
1185 2085 1213 2127 o.
1237 2062 1381 2149 ptolum-

142 2171 631 2259 niusliiivira.a.a.f.f.

68 2335 128 2396 Luc.
147 2338 200 2398 llit
223 2340 268 2397 ait
288 2339 404 2400 uidisse
426 2359 457 2400 ee
480 2361 506 2400 a.
532 2339 620 2399 1845.
665 2340 713 2398 Ex
728 2341 786 2398 hac
806 2348 836 2399 et
858 2341 996 2418 sequenti
1010 2339 1131 2418 collegit
1150 2339 1299 2399 officinam
1320 2359 1381 2398 mo-

68 2441 194 2500 netariam
216 2443 288 2501 inde
311 2463 329 2501 a
349 2443 471 2503 Nerone
496 2443 592 2503 fuisse
613 2440 725 2504 Sirmii.

67 2702 201 2762 Mitrovitz
223 2707 265 2762 im
290 2703 398 2764 Gorten
418 2705 468 2764 des
489 2704 693 2782 Hauptmanna
714 2701 817 2763 Brlcid.

140 2859 216 2947 imp.
243 2881 314 2924 ner.
338 2857 466 2924 traiano
490 2881 556 2946 aug
581 2871 585 2946 Ι
609 2868 650 2924 tr.
673 2867 742 2946 pot.
766 2859 813 2924 uii
838 2879 905 2924 cos.
928 2857 962 2922 iii
992 2855 1055 2923 dac
1081 2864 1085 2939 Ι
1109 2857 1210 2944 praef.
1237 2864 1279 2922 et.
1302 2822 1380 2944 pro-

142 2977 234 3034 curat
261 2979 265 3054 Ι
291 2976 459 3054 aequator.
484 2977 518 3033 et
541 2969 671 3056 signato
697 2969 701 3051 Ι
727 2968 955 3053 maleatoresq.
977 2966 1068 3034 sirmi
1093 2968 1097 3051 Ι
1124 2989 1153 3032 e.
1177 2990 1209 3031 u.
1233 2991 1265 3055 p.

66 3131 128 3193 Luc.
147 3135 202 3194 Ilit
223 3135 269 3195 ait
291 3134 402 3194 vidisse
425 3153 457 3193 se
480 3155 506 3194 a.
532 3136 622 3211 1845,
645 3137 801 3214 explicans
820 3155 848 3194 v.
873 3136 891 3194 6
914 3153 928 3194 c
948 3134 1040 3212 v(oto)
1058 3133 1256 3212 p(osuetttnt).

65 3393 200 3457 Mitrovitz
223 3401 265 3455 im
285 3397 363 3472 Hose
383 3397 432 3456 dee
453 3396 657 3474 Hauptmonns
679 3393 783 3457 Brlcr'd.

140 3551 248 3619 uiuice
275 3556 280 3642 Ι
307 3551 511 3638 caeterisque
533 3561 659 3624 manill
683 3557 687 3633 Ι
712 3557 805 3622 111111

66 3713 127 3776 Luc.
149 3719 203 3779 llid
219 3720 266 3778 ait
283 3720 395 3780 vidisse
418 3738 451 3779 se
472 3720 556 3797 (inde
574 3719 779 3797 Kulmljevich
802 3719 833 3777 in
856 3718 923 3795 eph.
939 3718 1009 3778 Rad
1030 3717 1067 3776 23
1091 3716 1199 3794 [1873]
1222 3735 1251 3794 p.
1269 3716 1352 3793 148).

68 3975 165 4038 Naiice
188 3979 283 4056 (com.
305 3981 547 4058 Viroviticensis)
570 3982 601 4039 in
623 3981 717 4040 hortis
740 3980 912 4039 deversorii.

142 4135 161 4198 i.
184 4157 215 4200 o.
241 4159 276 4200 m
302 4141 306 4216 Ι
332 4155 436 4200 seuer.
460 4157 604 4222 procons
629 4147 634 4222 Ι
658 4135 844 4221 pannoniae
868 4133 951 4198 infer
976 4143 980 4220 Ι
1007 4180 1217 4198 .......
1245 4143 1249 4218 Ι
1276 4183 1283 4197 .
1311 4181 1318 4196 .
1345 4181 1351 4196 .
1378 4185 1385 4200 .

142 4242 1080 4330 ...lfab.ciloetlolaud.....l.leg.u.p.

64 4404 110 4466 1111·
131 4409 170 4469 ait
194 4411 397 4488 descripsisse
418 4429 451 4470 se
477 4431 503 4470 a.
529 4411 616 4471 1844.

100 4629 242 4693 Venimus
266 4634 305 4692 ad
327 4635 430 4694 titulos
453 4639 547 4694 musei
570 4633 767 4694 Pestinensis.
811 4632 993 4692 Prodierunt
1014 4632 1035 4691 ii
1059 4651 1153 4711 nuper
1178 4651 1249 4691 cura
1268 4631 1388 4691 Ernesti

64 4727 234 4807 Desjardins
267 4747 297 4796 et
323 4736 460 4796 Floriani
487 4736 599 4795 Romen
631 4737 746 4795 duabus
780 4736 961 4795 editionibus
990 4733 1111 4795 Gallica
1142 4745 1173 4794 et
1203 4735 1388 4813 Hungaricu‚

65 4853 178 4907 quarum
211 4840 268 4898 illa
301 4840 345 4898 sic
377 4840 523 4915 inscripta
549 4847 608 4898 est:
642 4848 814 4898 monuments
836 4839 1057 4916 dpiprapliiqaee
1078 4839 1118 4896 do
1139 4837 1240 4896 Muse'e
1260 4837 1390 4896 sational

66 4933 188 5014 lonpror's
210 4943 340 5001 destinis
362 4951 388 4999 et
409 4941 554 5018 expliquda
572 4960 632 5018 por
649 4941 687 5000 E.
704 4943 889 5017 Depretias,
909 4941 1022 5018 pelliti
1111 4959 1173 5016 par
1195 4941 1234 5000 les
1257 4943 1334 4998 coins
1356 4939 1391 4996 de

67 5035 130 5096 Deru
145 5043 249 5102 Floria
264 5043 370 5102 semer
385 5043 556 5120 (Budapest
573 5043 662 5104 1873.
678 5045 731 5103 fol.
747 5063 797 5122 pp.
817 5043 886 5116 140,
900 5044 980 5103 tabb.
998 5043 1061 5121 55).
1099 5041 1201 5102 Editio
1217 5041 1392 5119 Hungarica

65 5139 227 5220 (Budapest
241 5145 319 5204 1873
332 5146 384 5204 fol.
397 5165 448 5222 pp.
463 5144 533 5219 1118,
546 5147 626 5206 tabb.
640 5146 694 5223 61)
710 5148 799 5224 longe
813 5146 930 5225 plenior
944 5157 1006 5219 est;
1021 5147 1052 5204 in
1068 5165 1104 5206 ea
1119 5153 1309 5205 accesserunt
1320 5164 1392 5204 cura

66 5237 176 5305 Romeri
204 5247 359 5326 appendix
380 5248 536 5308 titulorum
564 5259 670 5328 postea
702 5257 899 5328 repertorum,
921 5249 991 5308 item
1015 5249 1135 5308 tabulae
1156 5255 1274 5307 ceratae
1295 5245 1392 5306 musei

1122 5345 1185 5410 tt·
