3580 5938
378 536 427 606 28
970 544 1120 604 unauna

376 732 457 790 mina
483 748 541 788 uon
567 730 689 808 proprie
710 726 838 788 Latinae
860 728 998 786 videntur
1022 727 1117 788 luisse
1145 726 1269 804 originis
1291 727 1354 800 vel,
1381 736 1414 785 ut
1439 727 1610 785 accuratius
1631 727 1702 786 dica·

375 851 457 905 mus,
485 829 724 903 consuetudinis3
750 831 995 907 frequentissima
1020 831 1100 889 enim
1128 849 1196 889 esse
1221 831 1252 888 in
1280 831 1370 890 certis
1397 829 1577 906 quibusdam
1602 829 1702 889 Italiae

375 935 491 994 mediae
512 934 655 1012 partibus,
678 935 710 993 in
725 933 837 991 Piceno
858 933 1048 1010 potissimum
1070 933 1172 1008 (cuius
1200 952 1309 992 nomen
1331 932 1430 1010 ipsum
1448 933 1586 992 similiter
1599 932 1702 991 forma·

374 1046 436 1097 tum
459 1036 522 1113 est)
550 1037 782 1113 regionibusque
803 1035 911 1094 vicinis
934 1035 1106 1110 observarit
1126 1034 1380 1111 Mommsenus1).
1418 1021 1561 1094 'Iudicate
1584 1053 1701 1111 possum

375 1140 441 1200 eius
462 1139 578 1198 formae
598 1139 721 1197 nomina
743 1137 871 1197 ducenta
891 1138 960 1214 plus
982 1137 1095 1210 minus,
1122 1137 1285 1196 maximam
1306 1144 1422 1215 partem
1443 1157 1482 1197 ex
1504 1137 1702 1215 inscriptioni·

374 1243 432 1303 bus
453 1242 609 1320 regionum
632 1259 734 1300 earum
756 1258 833 1317 quas
855 1239 928 1298 dixi.

459 1341 550 1404 Certo
570 1340 713 1402 Latinum
740 1351 786 1402 est
812 1342 953 1402 suffixum
981 1351 1034 1412 an,
1063 1342 1144 1417 quod
1170 1343 1308 1420 componi
1331 1343 1409 1401 solet
1430 1351 1490 1402 tam
1513 1361 1580 1402 cum
1603 1343 1701 1402 radici-

375 1449 432 1507 bus
458 1466 475 1506 e
501 1447 610 1522 quibus
632 1445 778 1504 vocabula
803 1445 835 1503 iu
856 1463 876 1502 a
898 1445 961 1502 eive
983 1444 1098 1520 primae
1120 1443 1330 1504 declinationis
1352 1446 1481 1504 formata
1502 1452 1589 1517 sunt,
1618 1460 1651 1505 ut
1669 1447 1701 1506 ab

378 1550 476 1610 insula
501 1547 592 1608 fiebat
617 1549 782 1621 insulanus,
809 1547 967 1606 adecunra
990 1549 1174 1618 decumanus,
1203 1565 1293 1623 quam
1321 1566 1386 1606 cum
1412 1547 1565 1606 radicibus
1587 1549 1618 1607 in
1639 1567 1702 1607 eon·

376 1661 518 1712 souantee
541 1651 714 1710 terminatas
736 1649 841 1709 autin
864 1669 879 1707 o
902 1649 1063 1710 secundum
1084 1649 1202 1709 tertiam
1224 1651 1408 1727 alteramque
1430 1650 1653 1724 declinationes,
1674 1661 1702 1708 ut

376 1775 394 1813 a
408 1759 491 1832 sonte
505 1755 658 1828 santanae,
680 1754 718 1812 ab
741 1754 847 1830 oppido
870 1753 1042 1828 oppidanus,
1065 1770 1084 1809 a
1099 1752 1215 1810 castello
1230 1753 1404 1811 castellanus
1425 1753 1505 1812 iacta
1519 1765 1599 1812 eunt.
1636 1754 1701 1813 Fre·

375 1853 606 1934 quentissimum
622 1861 680 1940 'est
705 1854 736 1913 in
763 1854 919 1914 adiectivis
946 1872 1023 1931 quae
1046 1855 1177 1914 breviter
1204 1854 1329 1914 dicimus
1355 1854 1497 1927 ethnicis,
1524 1855 1577 1914 sed
1604 1856 1701 1916 eadem

375 1967 464 2036 atque
485 1959 516 2016 in
536 1957 663 2034 reliquis
684 1956 790 2016 formis
811 1957 949 2015 libertate
970 1965 1162 2036 usurpatam
1183 1977 1253 2016 nam
1274 1964 1307 2017 ut
1328 1977 1347 2016 a
1367 1958 1460 2018 Roma
1480 1959 1646 2031 manue,
1665 1959 1702 2018 ita

375 2081 395 2120 a
415 2060 537 2121 Turculo
563 2059 741 2119 Tusculanus
764 2059 925 2118 derivatur.
969 2056 1041 2119 Nou
1067 2059 1208 2136 frequens
1235 2070 1281 2118 est
1306 2061 1338 2120 in
1359 2061 1484 2120 vetustis
1510 2061 1700 2121 deorumne

375 2164 516 2236 minibus,
537 2161 631 2222 veluti
653 2163 685 2220 iu
699 2161 801 2219 Diona
816 2160 933 2238 [Ianus]
949 2161 1087 2222 Siluanus
1102 2161 1274 2222 Summanus
1291 2161 1441 2236 Volcanus,
1463 2165 1533 2222 item
1555 2165 1589 2222 in
1608 2183 1701 2223 recen·

374 2266 501 2326 tionibus
529 2264 820 2342 indigitamentorum
846 2264 897 2340 qui
923 2264 1060 2324 dicuntur
1083 2264 1263 2325 Aesculanue
1287 2265 1414 2324 lbtonun
1438 2265 1597 2342 Vapr'tanus
1618 2266 1700 2325 Prae-

375 2381 462 2429 stano
482 2367 654 2440 Pateiiana3
682 2367 882 2443 frequentius,
908 2375 941 2426 ut
966 2369 1186 2445 expectaveris,
1213 2369 1244 2426 in
1265 2367 1397 2426 locorum
1419 2368 1605 2443 nominibus,
1631 2387 1700 2445 quae

374 2490 435 2530 nou
459 2490 529 2529 raro
557 2469 720 2528 seeundum
747 2469 963 2528 adiectivorum
989 2469 1159 2549 analogiam
1184 2470 1359 2543 formantur,
1386 2470 1478 2530 veluti
1499 2480 1571 2530 suut
1595 2469 1701 2530 Cluana

375 2576 487 2633 Ficana
515 2572 641 2631 Novana
669 2571 808 2630 Numana
841 2572 974 2644 Urbano,
1005 2572 1164 2632 Aenianum
1192 2572 1347 2631 Annonam
1373 2573 1538 2632 Bouianum
1566 2575 1700 2632 lucanum

373 2675 530 2734 Pallanum
552 2675 676 2734 Teanum
694 2673 862 2750 Teqionunn
886 2674 1030 2734 accedunt
1051 2685 1167 2734 montes
1191 2673 1346 2752 Gorgonae
1367 2675 1534 2746 Vaticanus,
1556 2676 1699 2734 Pantanus

374 2778 473 2851 lacus,
499 2778 610 2836 flumen
632 2777 796 2836 Varnenum.
839 2774 995 2836 Pertiueut
1019 2779 1079 2837 huc
1100 2778 1190 2837 etiam
1212 2777 1338 2838 Sacrani
1359 2797 1398 2837 ex
1419 2777 1616 2837 Reatinorum
1638 2797 1699 2836 vere

375 2898 462 2940 sacro
483 2879 542 2939 orti
563 2887 639 2937 teste
661 2877 760 2937 Paulo
782 2877 868 2938 Festi
890 2899 918 2956 p.
936 2878 1007 2951 321,
1029 2897 1156 2956 quorum
1177 2899 1287 2939 nomen
1310 2879 1348 2938 ad
1370 2879 1599 2940 similitudinem
1624 2880 1699 2940 Carn-

370 3001 470 3060 panuc
493 2980 631 3041 Lucanus
652 2981 807 3039 nominum
828 2981 987 3041 formatum
1010 3000 1077 3041 esse
1098 2991 1190 3060 patet.

458 3083 579 3143 Paron
605 3082 753 3142 suffixum
776 3085 966 3143 coniunctum
994 3103 1062 3144 curu
1087 3089 1132 3144 iue
1160 3085 1380 3162 gentiliciorum
1408 3085 1547 3145 sollemni
1570 3087 1701 3147 similiter

374 3197 464 3265 atque
486 3205 539 3263 per
561 3196 613 3258 on,
635 3195 684 3256 in,
705 3197 737 3244 tn
763 3192 793 3244 et
814 3187 946 3246 fortasse
971 3188 1060 3246 etiam
1081 3205 1135 3264 per
1155 3197 1195 3246 an
1215 3188 1339 3247 nomina
1358 3188 1511 3264 gentilicia
1532 3188 1699 3249 multator

374 3299 456 3348 mata
477 3297 547 3348 aunt
567 3288 599 3348 iu
621 3291 705 3348 oniae
729 3293 812 3347 onius
833 3293 912 3348 entus
934 3294 1010 3349 inias
1025 3287 1066 3366 ²),
1090 3290 1182 3349 veluti
1199 3288 1345 3367 Geganius
1360 3289 1545 3366 Serapronius
1559 3291 1699 3352 Ducentur

381 3392 527 3462 Vatinius,
550 3409 619 3449 rara
644 3390 675 3449 iu
703 3394 803 3463 nnius,
832 3392 914 3450 velut
936 3391 1079 3468 Sepuniue
1103 3391 1266 3468 Separantur
1288 3400 1318 3451 et
1339 3392 1451 3451 similia
1471 3393 1628 3470 quaedam.
1668 3392 1698 3451 ln

376 3493 589 3554 adiectivorum
612 3510 732 3570 quoque
753 3493 930 3553 formatione
952 3505 991 3554 an
1006 3505 1043 3553 on
1058 3505 1091 3554 en
1104 3506 1136 3554 tn
1158 3495 1268 3554 cultim
1289 3495 1363 3554 satis
1385 3496 1552 3572 frequentia
1567 3506 1647 3568 sunt,
1665 3505 1700 3552 an

316 3640 332 3670 ,-
373 3617 491 3670 rarum,
518 3603 551 3654 ut
576 3595 608 3654 in
628 3599 806 3672 importunae
829 3607 998 3673 oportunue;
1026 3615 1096 3656 rara
1116 3597 1205 3656 etiam
1225 3597 1348 3657 deorum
1370 3599 1491 3658 nomina
1511 3617 1565 3675 per
1585 3609 1625 3658 un
1645 3597 1699 3658 sul-

373 3702 468 3760 fixum
490 3697 629 3769 formata,
652 3699 745 3758 veluti
760 3698 911 3775 Neptunus
933 3698 1078 3760 Portunus
1094 3699 1233 3758 Matrinus
1252 3700 1378 3768 strenas
1402 3701 1519 3761 Vocana
1541 3701 1653 3761 Vesana
1673 3707 1699 3757 et

375 3802 556 3865 Sabinorum
572 3799 720 3872 Albinam
743 3819 811 3860 nam
834 3802 865 3859 in
887 3802 1020 3860 Fortuna
1041 3801 1238 3878 antiquiorem
1258 3802 1388 3862 Fortuna
1407 3804 1532 3863 formam
1553 3806 1698 3874 novimuS,

376 3905 504 3965 similem
526 3903 696 3961 nominibus
718 3903 889 3980 Arperonae
915 3903 1046 3965 Orbonae
1067 3904 1219 3963 Pornonae.
1263 3905 1299 3963 In
1320 3905 1453 3965 locorum
1475 3907 1644 3966 nominibus
1663 3925 1698 3962 un

373 4007 491 4066 videtur
506 4004 629 4078 deesse3
651 4024 721 4065 nam
736 4007 879 4066 Belenum
895 4005 1015 4066 Carnuni
1032 4007 1168 4066 Virunum
1182 4006 1312 4066 barbara
1326 4014 1405 4066 sunt.
1442 4006 1609 4069 Commune
1629 4007 1696 4067 illud

374 4111 485 4170 habent
504 4107 626 4167 nomina
646 4109 678 4167 in
700 4111 785 4167 anius
807 4112 890 4168 oniae
912 4112 991 4168 enias
1016 4112 1091 4167 inias
1114 4105 1189 4185 (non
1211 4111 1243 4169 in
1263 4109 1379 4186 uniar),
1401 4112 1481 4188 quod
1501 4129 1650 4189 nusquam
1669 4111 1697 4168 in

373 4213 412 4272 iis
438 4232 457 4270 n
478 4210 578 4270 littera
602 4210 753 4287 geminata
779 4218 833 4270 est.
876 4210 957 4271 Nam
984 4230 1060 4288 quae
1086 4219 1191 4271 extant
1211 4211 1242 4271 in
1264 4215 1362 4272 ennius
1384 4214 1506 4272 nomina
1525 4231 1586 4272 non
1607 4229 1697 4291 panca

373 4313 480 4391 (veluti
500 4313 663 4374 Herennius
686 4313 871 4391 Pescenniae)
894 4321 924 4372 ei
944 4315 975 4373 iu
996 4317 1093 4373 innita
1112 4333 1265 4392 perpauca
1286 4313 1393 4390 (veluti
1411 4314 1580 4410 Auianius),
1602 4335 1638 4374 ea
1657 4313 1695 4372 di-

373 4435 477 4476 versae
499 4416 624 4496 originis
645 4416 779 4494 putanda
800 4425 869 4475 sunt
890 4425 920 4476 et
939 4416 1070 4476 fortasse
1092 4418 1298 4496 componenda
1318 4435 1385 4476 oum
1402 4417 1567 4477 terminatis
1583 4417 1616 4476 in
1630 4433 1696 4476 euna

374 4530 404 4578 et
424 4521 508 4590 inna;
530 4520 562 4578 in
583 4524 686 4578 annius
708 4529 808 4578 autem
831 4529 860 4578 et
881 4523 983 4578 annius
1005 4519 1132 4578 formata
1151 4520 1236 4579 nulla
1250 4519 1377 4578 luerunt.
1413 4520 1519 4595 Itaque
1538 4519 1696 4579 Turannius

374 4645 428 4703 pro
454 4625 615 4682 Turranius
641 4631 671 4681 ει
691 4622 851 4682 Verannr'ue
876 4642 931 4700 pro
953 4623 1093 4682 Veranius
1119 4623 1246 4695 formae,
1273 4639 1348 4698 quas
1371 4621 1500 4680 editores
1523 4623 1694 4700 scriptorum

374 4737 507 4788 veterum
528 4726 625 4785 adhuc
646 4725 776 4784 tolerare
797 4724 906 4797 solent,
928 4725 1048 4784 omniuo
1070 4725 1267 4784 removendae
1289 4732 1368 4784 suut.
1408 4724 1568 4784 Veranniue
1589 4725 1695 4783 formae

452 4977 475 5042 ι)
501 4979 534 5028 In
552 4977 619 5028 libro
640 4977 672 5027 de
691 4976 807 5028 dialectis
827 4976 918 5027 ltaliae
936 4975 1066 5026 inferioris
1084 4991 1110 5040 p.
1125 4975 1177 5026 362
1198 4975 1258 5027 adu.
1273 4977 1302 5036 83
1328 4977 1360 5026 oi.
1380 4991 1446 5042 quae
1465 4977 1602 5027 Hennenus
1620 4975 1694 5026 adno-

374 5073 438 5124 tavit
456 5071 489 5121 ad
508 5069 644 5136 Borghesii
662 5084 744 5135 opera
763 5071 777 5118 l
798 5085 823 5134 p.
839 5069 891 5120 246
911 5075 936 5118 et
954 5070 972 5118 4
991 5084 1016 5133 p.
1031 5069 1093 5118 318.

450 5161 474 5226 ²)
502 5163 563 5216 Scio
582 5164 659 5213 etiam
678 5164 706 5214 in
724 5162 898 5225 interfuisse,
917 5168 946 5210 ut
962 5157 1087 5211 Cominius
1107 5157 1249 5212 Flaminius
1267 5159 1403 5212 Stertinius
1421 5157 1541 5226 Volsinii3
1565 5161 1610 5212 sed
1628 5161 1687 5209 bana

373 5256 511 5324 prosodiae
529 5255 701 5308 differentiam
720 5271 788 5307 nunc
806 5269 859 5306 nou
878 5269 948 5306 curo.
