3532 5938
344 425 417 498 208
749 447 833 497 von.
861 447 875 497 1
901 417 1260 509 nunoirssnuanvu.
1550 453 1655 504 ascesa

343 619 393 680 De
415 621 509 680 multa
523 630 623 682 autem
645 640 722 698 quae
737 622 876 698 leguntur
890 623 920 679 in
943 622 1029 680 titulo
1044 622 1201 694 Lucerino,
1224 641 1260 680 ea
1273 621 1312 680 ad
1328 624 1452 682 uerbum
1473 623 1534 684 sere
1547 625 1661 684 redeunt

342 709 374 780 iri
395 723 461 802 lege
483 722 628 782 Badtina:
658 729 699 782 sei
720 727 785 800 quia
806 744 880 802 neap.
903 724 1020 784 multem
1040 729 1174 802 inrepere
1194 726 1290 785 volet.
1307 767 1314 784 .
1331 767 1363 784 ..
1387 725 1484 799 liceto,
1508 733 1537 784 et
1552 729 1661 786 omnino

344 825 503 886 sollemnia
523 825 598 885 haec
619 825 742 885 fuerunt
763 835 793 885 et
818 826 1036 904 quodammodo
1059 827 1215 888 tralaticia.
1252 860 1293 870 -
1346 825 1394 887 De
1419 827 1529 888 iudicio
1554 830 1661 907 privato

343 945 420 1004 quae
449 939 592 987 caventur
623 940 657 988 ut
686 932 788 1006 magni
815 932 957 990 momenti
978 938 1051 990 sunt
1070 939 1194 1010 propter
1220 930 1347 990 actionis
1369 941 1508 990 naturam
1536 939 1664 991 accurate

343 1029 584 1105 determinatam,
614 1032 657 1090 ita
684 1053 746 1092 rem
773 1033 860 1092 facile
887 1033 1079 1110 assequimur
1104 1033 1215 1092 collata
1239 1032 1369 1092 formula
1389 1034 1547 1094 notissima
1566 1055 1664 1096 munus

343 1132 514 1192 iniectionis
537 1136 683 1194 adversus
705 1135 865 1195 iudicatum
887 1136 983 1194 relata
996 1155 1035 1194 ex
1051 1135 1115 1194 XII
1136 1135 1306 1209 tabularum
1327 1137 1571 1215 interpretatione
1590 1137 1666 1215 apud

239 1279 242 1288 ,
346 1233 456 1294 Gaium
479 1236 508 1306 4,
524 1235 578 1294 21:
607 1239 683 1313 quod
704 1247 734 1296 tu
754 1239 824 1296 mili
852 1241 997 1298 iudicatus
1024 1241 1085 1297 sive
1111 1240 1262 1297 damastes
1289 1257 1319 1296 es
1346 1244 1505 1298 sestertium
1531 1239 1565 1298 X
1580 1240 1665 1310 iulia,

345 1339 459 1415 quaudo
486 1337 564 1415 [eal]
593 1359 649 1398 nou
671 1341 789 1413 solvisti,
814 1341 846 1398 ob
870 1359 931 1400 eam
949 1359 1006 1400 rem
1035 1361 1083 1417 epo
1111 1341 1163 1398 tibi
1183 1344 1338 1401 sestertium
1364 1340 1401 1398 X
1421 1343 1532 1402 milium
1555 1343 1668 1401 iudicati

345 1459 447 1499 manus
468 1444 564 1500 inicio.
608 1443 644 1501 In
666 1443 752 1502 titulo
774 1462 827 1501 cur
849 1444 969 1502 sitnon
992 1445 1124 1514 iudicati,
1152 1442 1205 1502 sed
1224 1461 1281 1520 pro
1302 1443 1442 1518 iudaeam,
1472 1443 1550 1504 idem
1570 1453 1667 1502 auctor

347 1543 447 1600 statim
470 1543 616 1621 explic-at:
636 1555 739 1621 postea
760 1548 901 1622 quaedam
916 1547 989 1622 leqes
1013 1565 1046 1604 ee
1069 1546 1138 1604 aliia
1158 1544 1327 1621 quibusdam
1343 1549 1438 1604 causis
1458 1540 1521 1623 ‘pro
1542 1541 1668 1606 sutum

277 1641 280 1650 '
345 1663 445 1703 manus
461 1648 635 1706 iniectionem
654 1653 685 1706 in
706 1651 846 1725 quosdam
867 1641 1011 1707 dederunt.
1040 1645 1134 1707 Cuius
1157 1665 1211 1723 pro
1233 1646 1364 1707 iudicato
1387 1667 1495 1708 manus
1510 1648 1670 1708 iniectionis

346 1747 493 1824 exemplis
516 1767 534 1806 a
559 1743 638 1808 Gaio
664 1750 773 1809 adlatis
799 1751 857 1809 hoc
877 1751 943 1809 iam
971 1751 1123 1809 addemus.
1166 1748 1245 1808 Nam
1274 1768 1370 1825 poena
1396 1751 1471 1810 haec
1497 1768 1670 1828 quamquam

347 1867 385 1907 ex
410 1849 561 1910 L'ueerino
587 1852 652 1912 iure
673 1853 816 1925 innotuit,
842 1863 907 1912 tuto
936 1853 974 1913 ad
997 1851 1157 1927 Quiritium
1179 1868 1300 1928 quoque
1321 1853 1527 1912 transferetur.

911 2077 1115 2087 ...ι-υ*-

432 2397 504 2459 299
543 2400 587 2460 On
610 2403 654 2462 tle
677 2405 718 2481 lip
740 2407 775 2479 of
790 2423 810 2462 o
839 2405 939 2462 bronze
959 2423 1036 2464 uuae.
1080 2401 1242 2462 Vasculum
1274 2419 1333 2479 quo
1362 2403 1430 2463 loco
1459 2411 1609 2481 repertum
1630 2405 1675 2477 sit,

347 2499 517 2579 ignoratum
541 2505 612 2564 emit
633 2507 664 2565 id
686 2526 819 2566 museum
843 2507 1049 2566 Britannicum
1071 2525 1168 2584 nuper
1188 2504 1303 2565 Romae
1325 2525 1344 2564 a
1366 2504 1560 2566 castellonio.

598 4344 645 4400 Q·
659 4341 755 4384 erlNlO
778 4341 825 4396 Q·
841 4341 875 4382 F·
898 4338 1100 4383 uantsscros·
1117 4337 1346 4382 DROTREMBOS·
1364 4339 1444 4383 sectr

439 4521 523 4581 Misit
551 4531 581 4581 et
606 4523 711 4580 charta
732 4536 907 4598 expressam
934 4527 965 4578 et
986 4526 1123 4579 accurate
1144 4505 1326 4596 descriptam
1347 4519 1386 4577 Δ.
1409 4515 1441 4580 S.
1463 4519 1593 4600 Murrsy
1612 4519 1683 4580 Lon·

359 4625 515 4685 diniensis.

439 4727 586 4787 Faciendi
614 4726 792 4786 vocabulum
825 4746 891 4786 cum
923 4727 954 4785 in
983 4725 1077 4784 titulis
1110 4725 1219 4784 votivis
1256 4723 1310 4782 vix
1334 4723 1435 4783 locum
1461 4725 1582 4799 habeat,
1613 4725 1683 4783 hunc

357 4831 453 4908 magis
469 4830 557 4889 credo
572 4829 724 4906 publicum
740 4846 818 4900 esse,
840 4837 872 4886 ut
894 4830 951 4887 hoc
974 4829 1157 4907 significetur
1177 4827 1384 4906 magistratum
1407 4826 1563 4886 vasculum
1587 4828 1683 4887 fedsse

358 4933 565 4993 faciendumve
580 4951 703 4992 curasse
718 4931 821 5010 populi
837 4932 970 5003 nomine3
991 4940 1025 4989 ut
1042 4949 1098 5007 pro
1116 4927 1255 5007 po[plod]
1277 4939 1324 4988 est
1344 4930 1377 4988 in
1398 4929 1486 4990 titulo
1513 4947 1601 4990 sacro
1620 4931 1681 4988 item

360 5035 572 5112 antiquissimo
596 5035 654 5092 vol.
678 5036 692 5095 1
715 5055 742 5092 n.
770 5032 837 5093 188.
880 5031 960 5093 Nam
979 5052 1034 5112 pro
1052 5033 1171 5092 trebibos
1192 5031 1272 5109 quod
1294 5039 1349 5106 est,
1371 5031 1403 5090 id
1425 5039 1472 5091 est
1488 5051 1546 5110 pro
1567 5032 1681 5092 walae

361 5137 409 5215 (ut
443 5138 533 5196 tribus
565 5137 673 5197 Latine
699 5135 822 5198 Umbris
856 5145 903 5196 est
927 5137 1016 5195 modo
1044 5139 1160 5215 truse,
1190 5133 1281 5201 modo
1310 5133 1442 5213 trem),
1469 5134 1576 5196 eodem
1600 5133 1681 5202 redit3
