3532 5938
401 525 474 595 252
702 542 1010 597 ossunvsmouus
1031 543 1313 619 remanentem
1331 543 1424 594 xvu.

801 787 938 831 satiasti
960 785 1059 830 trosti
1081 787 1203 830 ustinus
1224 786 1341 828 ὶΑΔΑΛΑ

800 892 849 932 ΚΑΙ
871 890 1040 934 ΒΑΣΙΛΙΣΣΑΝ
1061 888 1343 933 ΠΟΛΕΜΟΚΡΑΤΕΙΑΝ

891 992 971 1037 Tot}
992 989 1111 1035 ΕΑΥΤΟΥ
1131 991 1239 1036 rouel}

929 1093 1019 1138 ΘΕΟΙΣ
1042 1092 1201 1138 ΠΑΤΡΩΙΟΙξ

343 1291 353 1302 .
401 1243 491 1306 Unde
514 1265 580 1306 cum
603 1245 749 1305 efficiatur
770 1247 891 1322 reginae
911 1245 1150 1306 Polemocratiae
1172 1245 1313 1304 maritum
1337 1263 1446 1304 nomen
1472 1243 1613 1304 habuisse
1632 1241 1704 1304 saue

399 1349 471 1422 lam,
493 1367 549 1408 nec
570 1357 649 1408 recte
664 1349 787 1425 cogitari
809 1349 908 1426 possit
929 1349 964 1408 de
980 1349 1097 1407 duabus
1118 1348 1230 1426 reginis
1247 1347 1381 1407 eiusdem
1402 1347 1533 1408 nominis
1555 1347 1705 1425 praesertin

401 1451 431 1509 in
453 1460 536 1511 tanta
550 1451 687 1510 vocabuli
708 1451 841 1522 raritate,
863 1460 989 1530 apparet
1005 1450 1147 1512 Sadalam
1160 1449 1401 1509 Polemocratiae
1423 1450 1563 1508 maritum
1583 1468 1639 1508 uon
1657 1449 1705 1506 sine

400 1553 505 1613 liberis
528 1554 694 1612 decessisse
716 1573 770 1612 uec
792 1573 914 1632 reguum
929 1553 1075 1613 Romanis
1097 1553 1260 1631 legavisse,
1283 1552 1336 1611 sed
1358 1553 1470 1611 obiisse
1492 1551 1597 1610 relicto
1617 1551 1706 1608 infante

400 1656 463 1714 lilio
479 1654 527 1714 rel
548 1657 660 1732 potius,
683 1665 714 1714 ut
735 1656 815 1714 inira
829 1655 1003 1728 videbimus,
1026 1656 1106 1729 filiis,
1130 1675 1184 1714 nec
1204 1655 1379 1714 hereditatis
1394 1655 1523 1724 nomine,
1546 1653 1597 1711 sed
1618 1652 1706 1710 tutelae

401 1756 527 1816 Brutum
549 1777 674 1838 regnum
696 1759 898 1836 occupavisse.
942 1758 1087 1818 Inventus
1110 1769 1157 1817 est
1178 1757 1282 1817 titulus
1302 1757 1335 1815 in
1357 1756 1467 1834 oppido
1490 1755 1635 1815 Tmaciae
1647 1753 1706 1810 llizs

401 1859 500 1934 hodie,
522 1860 595 1919 olim
617 1860 711 1938 Bizye
733 1861 791 1920 sito
812 1861 844 1918 in
865 1860 1094 1920 mediterraneis
1117 1877 1210 1938 supra
1232 1858 1466 1936 Salmydessum.
1500 1857 1549 1917 Es
1569 1857 1637 1916 urbs
1655 1875 1706 1914 eun

401 1962 481 2040 apud
503 1962 664 2041 scriptores
687 1960 823 2023 Graecos
845 1964 928 2041 regia
948 1964 1062 2022 feratur
1084 1961 1227 2021 Asterum
1249 1962 1398 2021 Thraciae
1419 1961 1528 2038 gentis,
1551 1959 1627 2036 apud
1643 1958 1707 2016 hsti-

399 2081 456 2124 uos
477 2084 580 2143 regum
596 2063 750 2126 Thracum
763 2064 801 2142 1),
825 2065 982 2125 universae
997 2065 1146 2124 Thraciae
1167 2081 1254 2142 reges
1276 2082 1330 2124 eos
1352 2064 1512 2141 dequibus
1530 2080 1587 2122 nos
1611 2063 1705 2139 agium

399 2165 441 2225 ibi
473 2167 661 2244 potissimum
689 2167 790 2228 sedem
822 2168 963 2227 habuisse
993 2167 1103 2226 titulus'
1134 2186 1226 2245 supra
1255 2167 1427 2245 propositus
1459 2165 1628 2235 confirmat;
1655 2181 1706 2221 nau

398 2265 495 2346 Cotys
517 2287 572 2328 rex
594 2270 646 2330 ubi
666 2271 839 2346 parentibus
854 2271 1025 2330 memoriam
1047 2270 1191 2348 posuerit,
1212 2269 1255 2328 ibi
1277 2288 1344 2329 eum
1365 2268 1553 2329 habitavisse
1574 2277 1706 2326 consenu-

399 2388 489 2430 neum
511 2380 566 2431 est.

482 2472 543 2532 Per
557 2473 637 2533 bella
652 2473 753 2533 civilia
766 2474 971 2535 Romanorum
993 2484 1080 2554 gesta
1100 2495 1120 2534 a
1133 2483 1228 2534 morte
1243 2472 1386 2534 Caesaris
1408 2473 1566 2534 dictatoris
1586 2473 1623 2533 ad
1641 2489 1708 2550 proe-

398 2573 472 2636 lium
493 2593 589 2653 usque
609 2577 768 2636 Actiacum
791 2579 844 2654 qui
865 2585 1136 2637 commemorantur
1157 2577 1298 2636 Thracici
1319 2595 1420 2656 reges,
1445 2594 1571 2637 numero
1591 2583 1708 2653 quattuor

399 2686 468 2737 sunt
488 2678 707 2756 Rhescuporis,
728 2679 883 2754 Rhoecus,
907 2677 1033 2753 Sedala,
1054 2679 1292 2740 Rhoemetalces.
1335 2679 1386 2738 Bx
1406 2679 1455 2739 his
1476 2677 1671 2756 Rhescuporis
1688 2683 1709 2732 et
1750 2697 1751 2766 ᾗ

399 2778 538 2840 Rhascus
564 2781 672 2841 fratres
698 2781 797 2859 reguli
822 2782 944 2842 fuerunt
971 2779 1156 2860 Sapaeorum
1184 2783 1282 2861 gentis
1307 2782 1339 2840 in
1368 2781 1506 2841 confiniis
1529 2781 1668 2841 Thraciae
1688 2789 1709 2834 rt
1750 2767 1751 2772 ¹

400 2881 594 2944 Macedoniae
616 2881 850 2964 constitutael),
872 2904 998 2963 quorum
1021 2885 1071 2944 ille
1093 2893 1123 2944 et
1144 2893 1233 2944 antea
1250 2884 1428 2963 Pompeiu'm
1450 2881 1708 2966 contrecaearem

399 2983 592 3062 adiuverat³)
624 2995 655 3046 et
681 2987 809 3046 Brutum
837 2988 952 3048 adiuvit
977 2986 1082 3046 Bessis
1108 2987 1218 3046 bellum
1246 2988 1422 3046 inferentem
1432 2987 1473 3063 ⁴).
1519 2985 1606 3046 Bello
1630 2989 1708 3042 auten

397 3085 588 3165 Philippensi
608 3087 814 3166 Rhescuporis
836 3087 936 3150 Cassii
958 3097 1059 3166 partes
1082 3098 1212 3163 secutus,
1245 3089 1384 3150 Rhascus
1408 3090 1536 3148 Antonii
1558 3107 1629 3147 suae
1647 3093 1708 3144 uter·
1749 3127 1750 3132 ,

398 3206 456 3266 que
472 3191 550 3268 parti
565 3191 761 3252 fortissimam
776 3210 899 3270 operam
915 3189 1092 3268 navavit⁵);
1112 3211 1173 3269 quo
1188 3211 1244 3252 suo
1259 3193 1365 3252 meritc
1376 3191 1518 3252 Rhascus
1530 3191 1641 3251 devicto
1651 3187 1708 3248 Cro·
1749 3181 1750 3196 ¹

403 3419 607 3431 nnn—..-

475 3599 499 3668 ¹)
524 3605 610 3658 Strsb.
626 3607 641 3655 7
659 3605 691 3656 ir.
707 3606 756 3656 48:
778 3600 878 3656 Ἀστῧν
898 3600 925 3654 tl
944 3599 1079 3668 βασίλειον
1096 3591 1124 3669 ἦν
1140 3595 1228 3670 Bigis.
1260 3605 1351 3671 Steph.
1370 3605 1447 3670 Byz.:
1464 3595 1548 3673 Βιζιῖη
1566 3593 1637 3662 silet
1653 3590 1710 3669 Θρέ-
1748 3627 1749 3654 l

398 3712 440 3759 κης
457 3686 487 3745 rel
505 3694 551 3746 τῶν
567 3689 664 3748 'Antis
678 3692 819 3758 βασίλειον.
847 3699 916 3750 Plin.
930 3701 956 3760 4,
972 3701 1015 3760 11,
1031 3699 1065 3750 57
1085 3697 1128 3759 (cf.
1143 3698 1226 3750 Solin.
1243 3700 1285 3759 10,
1302 3697 1360 3759 1s):
1380 3695 1459 3764 Bizye
1477 3715 1530 3749 are
1547 3715 1629 3766 reputa
1643 3693 1706 3746 Tlra·

399 3789 462 3850 ciue,
483 3805 501 3840 a
518 3787 591 3841 Terei
608 3789 705 3854 nefasto
724 3791 809 3840 inemo
826 3787 1010 3840 hirundinibus.
1039 3791 1121 3841 Actae
1140 3790 1291 3840 habitabant
1308 3791 1336 3840 in
1355 3791 1554 3843 mediterraneis
1573 3807 1589 3842 a
1605 3787 1707 3842 Perintho

398 3883 433 3932 sd
450 3881 622 3946 Apolloniam
640 3881 761 3944 (Ptolem.
776 3883 801 3946 3,
818 3885 842 3945 1,
859 3885 902 3945 10,
922 3883 955 3934 of.
972 3884 1029 3934 Lis.
1048 3884 1092 3945 3⁸,
1111 3884 1166 3944 40).
1204 3883 1276 3932 Inter
1293 3883 1382 3934 titulos
1401 3899 1513 3949 quorum
1532 3883 1707 3934 Mordtnuunus

398 3973 462 4023 mihi
480 3975 583 4039 copiam
601 3975 663 4025 lecit
681 3975 723 4026 hic
743 3982 782 4026 est
800 3982 922 4041 exceptus
941 3977 968 4026 in
987 3975 1083 4042 oppido
1102 3975 1230 4026 Techorlu
1248 3990 1329 4042 prope
1348 3976 1466 4027 Perinthi
1484 3978 1583 4028 rudere
1601 3976 1641 4037 (ci.
1654 3971 1707 4024 cl

400 4064 447 4118 cr.
466 4081 493 4116 n.
511 4066 606 4128 sora:
1747 4071 1748 4120 t

889 4155 1251 4202 usstovntuloitothsot

890 4257 1248 4302 maturozarrtxtttnspl

891 4359 1290 4405 ΓΙΕΗΝΘΟΝΕΥΧΑΡΙΣΤΗΡΙΟΝ

399 4481 426 4531 id
451 4489 490 4532 cst
513 4477 659 4550 [Μῶμος
678 4470 813 4548 ’l[c]tilsct
838 4481 1007 4549 [’Ῑ’]οῦλ[λ]ος
1025 4484 1057 4547 (l)
1084 4473 1222 4554 crparnyic
1244 4476 1364 4548 ’Δστικῆς
1387 4481 1444 4552 περὶ
1469 4480 1600 4555 Πέρινθον
1622 4475 1706 4552 rixati-

400 4561 509 4642 ..aaa

475 4663 500 4729 ²)
521 4667 594 4718 Haec
612 4668 687 4732 pleno
706 4667 887 4734 intelleguntur
905 4684 938 4719 ex
957 4676 1077 4720 accurata
1095 4671 1243 4720 narratione
1262 4671 1378 4735 Appiani
1396 4669 1421 4719 b.
1441 4685 1463 4720 c.
1475 4672 1502 4732 4,
1518 4671 1563 4720 st.

475 4755 500 4822 ⁸)
525 4758 600 4811 Caes.
614 4759 639 4809 b.
659 4776 681 4809 c.
696 4761 721 4823 3,
736 4761 766 4811 4:
795 4775 825 4810 ea
839 4758 993 4812 Macedonia
1015 4757 1061 4811 00
1076 4769 1155 4822 eram,
1177 4759 1265 4828 quihus
1279 4759 1444 4829 Riuscipolr's
1458 4767 1583 4829 praeerat
1599 4755 1708 4810 excellenti

399 4851 500 4901 uirtute.
535 4853 634 4902 Lucan.
648 4851 674 4912 5,
689 4851 737 4903 55:
762 4851 863 4918 pelidae
885 4852 998 4903 domiuus
1016 4850 1180 4921 Ritu-scipulis
1204 4869 1272 4904 oruc.
1310 4853 1405 4918 Sapaei
1430 4871 1488 4904 cum
1511 4857 1572 4920 iuga
1590 4849 1708 4912 Rhodope-*¹

400 4949 535 5008 occupent,
556 4943 647 5010 quibus
666 4943 822 4996 Macedonia
840 4953 866 4996 et
884 4946 998 4997 Thracia
1016 4955 1179 5012 separantia,
1204 4947 1260 5012 puri
1279 4947 1334 4996 iere
1352 4947 1408 4998 iure
1427 4949 1529 5014 utrique
1548 4939 1707 4998 terrueruut
1745 4991 1746 4994 ,

400 5040 546 5098 potuerunt.
587 5033 678 5089 Gelida
697 5051 744 5087 ora
762 5044 801 5088 est
818 5038 878 5088 litus
897 5037 930 5088 ab
950 5017 1057 5090 Abdera
1077 5039 1111 5090 sd
1130 5041 1197 5090 ostis
1215 5039 1287 5090 fluvii
1306 5039 1389 5091 Necti.

477 5123 707 5191 Offistffi

415 5217 420 5230 '
479 5215 503 5280 ⁵)
526 5219 664 5284 Appianae
682 5220 707 5271 b.
726 5237 748 5272 c.
762 5223 788 5284 4,
803 5223 846 5272 st.
862 5223 923 5273 103.
938 5224 999 5274 104,
1015 5225 1076 5274 109.
