3530 5932
346 553 993 646 couunurnmounsn1>1oanru1ona
1012 586 1114 639 rans.
1324 566 1395 637 169

151 770 365 846 apographum
387 777 418 826 et
439 776 577 843 ectypum
597 765 765 824 litterarum
787 763 871 821 misit
894 759 932 822 G.
951 762 988 822 de
1010 761 1103 821 Petra
1126 759 1233 819 studiis
1256 759 1332 817 meis
1353 757 1398 816 sa-

82 891 155 943 rens,
183 880 213 930 ut
244 871 369 930 assolet.
414 867 596 945 Comparate
626 866 714 924 titulo
748 864 918 942 quaestoris
940 863 1133 941 Pompeiani,
1167 862 1297 920 Momma.
1332 859 1397 919 Uot.

80 975 152 1032 Diui.
172 984 190 1032 t.
207 973 249 1045 X,
273 973 334 1045 26,
358 992 391 1049 p.
410 971 470 1030 184
498 968 766 1044 .....lc]ootaatur
789 1010 1005 1026 ...........
1019 968 1045 1043 t]
1072 966 1203 1042 oopiaad
1227 962 1399 1039 [dpaoooJu

81 1077 158 1134 (1ιάεᾶ
175 1075 314 1150 [isidam]
336 1075 430 1134 elcbod
449 1072 640 1150 [praJJotted,
663 1069 862 1147 fragmentum
884 1070 964 1130 tituli
986 1069 1244 1146 suprascriptum
1266 1066 1309 1124 sic
1328 1083 1396 1142 sup-

80 1179 145 1256 pleri
164 1187 278 1255 potest:

218 1411 436 1428 .....
499 1363 677 1442 [kraisstur]
985 1370 1127 1442 quaestor

219 1561 436 1576 .....
498 1512 655 1616 [ripa]an
925 1463 927 1466 Ι
982 1539 1107 1598 operan-

233 1686 281 1724 am
304 1667 401 1725 deded
423 1666 532 1726 isidum
555 1654 658 1774 e]ltad
890 1678 957 1736 dam
981 1677 1072 1751 dedit,
1094 1675 1173 1735 idem
1195 1676 1244 1734 hio

513 1813 716 1930 pru]i'ab(ted)
990 1822 1138 1902 probavit.

680 2040 988 2050 ...-...—--—-.—

78 2159 127 2220 24.
167 2161 264 2241 Lapis
286 2164 462 2226 Tiburtinus
484 2170 618 2248 epistylii
640 2171 778 2228 inventus
800 2168 830 2226 in
853 2123 921 2226 caso
942 2167 990 2225 del
1011 2168 1112 2226 Fauno
1135 2183 1237 2225 meuse
1259 2165 1398 2242 Augusto

112 2283 137 2322 a.
155 2265 246 2340 1865,
269 2287 348 2326 nnnc
369 2269 399 2327 in
422 2288 527 2330 museo
550 2271 767 2351 Neapolitano:

448 2485 482 2534 v.
512 2461 655 2536 sadiriis
703 2518 711 2533 .
752 2487 786 2533 v.
816 2457 903 2534 aldil

449 2619 558 2680 Vibius
581 2617 707 2680 Sadiriis
750 2621 833 2681 Vibii
859 2621 878 2679 f.
903 2617 1019 2677 aedilis.

153 2751 192 2812 G.
210 2754 243 2810 dc
261 2753 361 2826 Petro,
383 2756 465 2817 Sulla
488 2760 595 2817 conda.
619 2759 691 2817 dello
713 2761 782 2818 cittd
804 2758 867 2816 ital.
891 2759 964 2833 dopo
988 2756 1019 2812 lo
1038 2771 1145 2830 puerro
1167 2755 1282 2823 sociale,
1301 2772 1334 2829 p.
1349 2752 1397 2810 68.

78 2851 206 2926 Scltome,
227 2856 311 2917 Ball.
335 2861 364 2916 d.
381 2860 452 2918 Ioat.
476 2880 504 2918 a.
520 2861 556 2919 R.
572 2861 664 2932 1867,
682 2880 716 2937 p.
732 2860 772 2918 37
791 2878 832 2935 eq.
855 2869 912 2918 not.
928 2861 953 2916 1.
997 2857 1047 2916 Ex
1069 2855 1187 2914 schedis
1212 2854 1332 2913 diorolli
1354 2855 1397 2912 ed.

79 2955 211 3028 fabrotti,
239 2959 270 3018 0.
290 2959 317 3018 Ι.
337 2961 406 3019 Ital.
429 2981 457 3020 a.
473 2961 565 3032 2819,-
592 2965 627 3038 cJ.
650 2963 792 3034 Eudo-ia,
813 2961 958 3020 Fomeol.
981 2961 1009 3018 d.
1031 2957 1099 3018 Ost.
1120 2958 1190 3035 Spr.
1211 2977 1240 3017 a.
1261 2955 1354 3028 XIX,
1368 2974 1396 3014 a.

77 3055 198 3132 llorelli,
223 3059 274 3119 Gli
295 3067 375 3122 scoot
397 3065 428 3123 di
449 3064 567 3141 Pompei
589 3065 641 3123 dol
661 3065 737 3125 1861
759 3064 904 3134 811872,
923 3083 956 3139 p.
974 3064 1025 3122 88.

990 3263 1397 3274 -.--.-----

368 3547 510 3611 MENSA
532 3547 801 3610 MENSURALIS
825 3545 1089 3609 POMPEIANA.

78 3731 125 3791 25.
156 3733 225 3792 Hoc
246 3734 366 3794 demum
387 3748 521 3814 tempore
542 3737 574 3794 in
595 3738 693 3796 lucem
714 3737 890 3812 prodierunt
908 3734 1119 3812 inscriptiones
1135 3733 1283 3810 quaedam
1299 3729 1398 3791 Oscae

112 3837 227 3896 incisae
251 3839 283 3895 in
310 3856 415 3897 mensa
440 3839 602 3897 mensurali
625 3831 780 3916 Pompeiis
806 3840 928 3898 inventa
953 3838 1013 3896 iam
1040 3855 1143 3895 mense
1165 3835 1245 3894 Maio
1268 3855 1295 3893 a
1318 3833 1397 3893 1816

112 3939 140 3996 in
153 3958 274 3998 camera
295 3940 425 4016 quadam
447 3959 574 4017 magnae
595 3941 738 4017 porticus,
760 3959 837 4016 quae
853 3939 1042 3998 interiorum
1064 3946 1094 3997 et
1113 3937 1258 4015 templum
1269 3935 1398 3995 Veneris
1442 4001 1449 4018 ³

112 4041 168 4098 sita
189 4051 251 4113 est,
279 4041 409 4101 nuncin
431 4061 535 4102 museo
557 4043 758 4120 Neapolitano
780 4051 936 4102 asservata
958 4041 1063 4119 (lapid.
1080 4039 1179 4116 Pomp.
1202 4038 1398 4115 oum.1271).

112 4141 206 4202 Cuius
229 4145 261 4202 in
282 4144 385 4203 tabula
405 4145 513 4222 lapidis
528 4146 680 4205 Tiburtini
702 4145 831 4222 oblonga
850 4145 947 4203 incisa
961 4151 1165 4218 excavataque
1181 4149 1328 4218 apparent
1346 4160 1397 4199 no·

112 4263 176 4304 rem
192 4263 267 4304 vasa
288 4247 417 4305 rotunda
438 4247 576 4308 diversae
597 4248 781 4324 capacitatis,
803 4246 935 4324 quinque
953 4245 1093 4321 deinceps
1116 4245 1146 4302 in
1168 4243 1267 4302 media
1287 4244 1399 4314 tabula,

112 4357 253 4422 quattuor
275 4348 391 4407 minora
411 4349 442 4408 in
465 4359 607 4427 quattuor
621 4351 740 4427 angulis
760 4350 825 4408 eins
839 4348 993 4424 disposita,
1015 4347 1125 4423 quibus
1140 4345 1317 4421 Pompeiani
1338 4363 1398 4403 me·

111 4449 218 4508 tiendis
244 4453 335 4510 rebus
360 4451 482 4527 liquidis
516 4461 545 4511 et
571 4452 663 4511 aridis
688 4453 720 4510 in
742 4450 922 4511 commercio
947 4457 1090 4526 tanquam
1112 4467 1217 4507 norma
1237 4446 1399 4525 regulaque

113 4563 275 4612 uterentur.
318 4554 419 4630 Atque
441 4555 517 4613 hane
538 4555 658 4630 quidem
680 4573 815 4614 mensam
839 4551 877 4613 G.
898 4553 1031 4612 Mancini
1051 4552 1163 4628 optime
1185 4550 1400 4608 demonstravit

111 4657 240 4731 primm
262 4675 300 4714 ea
319 4663 417 4714 aetate
438 4656 623 4729 fabricatam,
647 4675 706 4733 qua
720 4655 869 4718 Samnites
884 4655 1040 4731 Pompeiis
1060 4654 1291 4723 dominarentur,
1313 4651 1399 4728 quin·
1461 4654 1472 4678 ⁸

113 4775 169 4832 que
191 4757 292 4816 media
314 4759 517 4817 tantummodo
533 4759 715 4818 continuisse
729 4776 811 4832 vasa,
835 4757 994 4834 adscriptis
1011 4755 1099 4816 Oscis
1113 4756 1161 4814 vel
1177 4753 1303 4814 Graecis
1318 4773 1400 4814 men·

114 4879 250 4919 surarum
271 4861 444 4934 vocabulis,
470 4861 576 4920 deiude
596 4861 629 4919 in
651 4861 741 4919 aliam
762 4861 890 4920 formam
912 4859 1062 4919 redactam
1084 4876 1151 4917 esse
1172 4856 1306 4933 Augusti
1326 4863 1400 4915 tem·

113 4981 200 5038 pore,
224 4980 284 5038 quo
307 4981 382 5021 vasa
400 4963 499 5022 media
520 4963 716 5022 dilatarentur
738 4971 767 5020 et
788 4971 929 5039 quattuor
950 4961 1066 5020 minora
1086 4961 1118 5017 in
1140 4959 1257 5036 angulis
1279 4959 1401 5018 tabulae

114 5063 306 5136 adderentur,
339 5073 373 5122 ut
404 5065 656 5143 Pompeianorum
688 5082 845 5123 mensurae
879 5083 945 5122 cum
973 5063 1119 5121 Romanis
1151 5062 1400 5136 adaequarentur,

114 5173 188 5224 teste
209 5165 298 5224 titolo
320 5163 445 5239 Latino,
472 5167 525 5244 qui
547 5176 594 5226 est
615 5166 745 5245 scriptus
771 5168 802 5226 in
822 5167 920 5225 fronte
942 5182 1062 5224 mensae
1083 5164 1120 5221 de
1141 5163 1289 5223 mensuris
1311 5181 1400 5221 exae-
1424 5193 1428 5200 ·

115 5267 243 5342 quandia
269 5267 392 5344 (etam.
414 5269 443 5328 d.
462 5285 539 5329 acoo.
560 5270 589 5328 d.
605 5269 706 5345 Pomp.
721 5270 809 5340 1871,
832 5287 865 5345 p.
880 5267 937 5328 144
945 5268 1053 5337 -161,
1077 5275 1132 5325 too.
1145 5265 1203 5336 VI,
1225 5267 1277 5342 fia.
1293 5265 1320 5323 I.
1335 5263 1401 5340 ΙΙ).

1159 5367 1196 5425 12
