3532 5938
395 477 469 548 276
953 488 1160 542 wmuauus

426 659 428 664 ¹
478 669 700 728 Monumentum
727 667 902 743 inscriptum
929 675 1040 724 serame
1068 663 1226 723 concultatur
1252 665 1287 722 de
1312 665 1447 720 nundinis
1473 660 1566 720 salua
1590 657 1697 732 Baqua-

396 776 436 832 sis
464 775 495 830 in
521 774 661 830 territorio
688 769 808 829 Curensi
838 787 871 826 re
899 786 971 826 vera
1002 785 1062 825 nun
1095 775 1156 824 tam
1188 767 1358 843 exemplum
1391 774 1438 824 est
1470 762 1698 824 senatusconsulti

396 893 485 951 quam
507 873 587 932 illius
608 872 748 948 exempli,
770 870 852 946 quod
873 869 1023 930 Romaiu
1045 869 1180 927 Africam
1203 869 1361 946 adipsum
1383 877 1416 926 ut
1438 869 1556 926 videtur
1574 865 1700 924 Lucilium

398 977 576 1036 Africanum
602 976 726 1054 missum
756 983 802 1032 est
827 977 915 1031 et'ut
940 971 1089 1049 publicam
1114 971 1203 1030 fidem
1225 970 1348 1030 haberet
1369 971 1411 1028 ita
1432 971 1578 1049 scriptum
1598 972 1700 1048 ligatum

399 1079 508 1156 sigillis
537 1078 671 1136 clausum
699 1076 805 1148 iuerat,
839 1081 871 1132 ut
893 1076 1090 1133 iustrumenta
1118 1073 1198 1150 apud
1220 1072 1372 1132 Romanum
1395 1073 1485 1132 scribi
1506 1074 1597 1150 ligari
1617 1075 1702 1151 sigillis

398 1181 494 1240 claudi
516 1179 662 1239 solebant.
706 1177 779 1236 Ideo
800 1177 886 1236 initio
908 1176 1058 1236 indicatur
1079 1176 1157 1234 unde
1178 1176 1402 1251 transscriptum
1431 1178 1472 1234 sit
1492 1185 1524 1234 et
1545 1177 1578 1234 in
1597 1177 1649 1234 tine
1665 1176 1703 1233 ad·

400 1284 462 1341 dita
483 1283 672 1360 reperiuntur
693 1280 876 1358 signatorum
897 1278 1004 1338 civium
1027 1278 1230 1337 Romanorum
1252 1278 1374 1336 nomina
1395 1287 1519 1354 septem,
1554 1279 1623 1337 olim
1642 1279 1704 1354 eigil·

400 1386 438 1444 lis
460 1385 554 1444 cereis
575 1385 605 1441 in
628 1383 776 1442 exteriore
798 1392 883 1458 parte
905 1381 1038 1458 diptychi
1060 1381 1207 1456 adposita.

484 1490 584 1564 Atque
611 1493 643 1544 ut
664 1485 707 1543 ’de
733 1493 866 1562 tempore
892 1484 1020 1560 primum
1043 1483 1206 1554 videamus,
1238 1482 1377 1542 consules
1399 1483 1546 1542 ordinarii
1572 1485 1630 1541 noti
1653 1499 1705 1540 suut

404 1590 474 1648 anni
499 1589 556 1648 138
579 1608 608 1665 p.
632 1585 678 1658 0.,
711 1587 838 1664 primum
865 1592 964 1644 tamen
993 1586 1050 1644 hoe
1076 1585 1142 1643 loeo
1174 1583 1264 1660 pleno
1297 1586 1416 1644 nornine
1442 1586 1630 1661 appellantur
1653 1605 1704 1642 cun

403 1701 559 1768 praeterea
587 1699 617 1749 et
642 1688 721 1765 apud
747 1699 883 1748 auctores
912 1699 942 1745 et
966 1687 1000 1746 in
1026 1687 1121 1746 titulis
1148 1688 1325 1772 cognomina
1352 1696 1466 1746 tantum
1496 1685 1663 1748 Camerinus
1685 1699 1706 1744 et

402 1793 499 1870 Niger
518 1793 717 1868 reperiantur:
750 1790 897 1850 refellitur
917 1790 1009 1871 igitur
1030 1790 1229 1866 antiquiorum
1251 1790 1421 1848 coniectura
1442 1791 1495 1867 qui
1517 1790 1637 1848 alterum
1657 1789 1706 1850 Sul-

404 1896 500 1975 piciae
522 1895 647 1954 alterum
663 1891 821 1966 Quinctiae
843 1893 924 1969 genti
946 1892 1096 1951 consulem
1120 1893 1294 1952 tribuerunt.
1339 1889 1399 1952 Sed
1420 1910 1602 1969 quamquam
1623 1910 1706 1949 orner-

404 1999 466 2057 latu
489 1995 783 2058 senatusconsultum
805 1995 926 2054 secundi
949 1994 1062 2054 saeculi
1084 2012 1150 2054 esse
1172 1994 1329 2068 indicatur,
1362 1995 1501 2072 equidem
1523 1996 1624 2053 titulos
1642 1996 1706 2070 ipsus

404 2101 488 2160 nullo
509 2109 597 2178 pacto
618 2098 722 2158 eodem
744 2106 878 2174 tempore
900 2107 1042 2157 exaratos
1069 2115 1135 2157 esse
1156 2097 1266 2171 iudico,
1296 2098 1344 2156 cui
1366 2117 1403 2157 ne
1429 2099 1521 2156 nnius
1543 2097 1655 2172 quidem
1672 2096 1707 2154 lit·

406 2211 487 2262 terea
506 2202 603 2262 forma
624 2201 699 2260 satis
721 2204 867 2260 convenit
920 2197 997 2261 Sunt
1018 2199 1095 2258 enim
1118 2209 1221 2260 tenues
1244 2207 1273 2259 et
1292 2201 1476 2278 inaequales,
1509 2201 1561 2259 hic
1580 2200 1638 2259 illic
1656 2219 1708 2257 cau·

408 2306 607 2378 discrucias,
641 2303 762 2362 omuino
785 2303 850 2362 eius
872 2303 986 2362 formae
1012 2302 1097 2362 cuius
1124 2320 1192 2361 esee
1220 2303 1319 2361 solent
1343 2303 1374 2361 in
1395 2303 1638 2380 inscriptionibus
1656 2315 1709 2378 post

372 2421 375 2442 ’
409 2407 590 2467 Diocletiani
611 2414 748 2483 tempora
769 2405 818 2464 sel
839 2414 916 2465 certe
935 2413 1006 2482 post
1027 2405 1157 2464 medium
1179 2405 1331 2465 saeculum
1353 2406 1472 2466 tertium
1498 2405 1615 2465 incisis:
1644 2421 1709 2481 prae

409 2511 497 2589 cipue
518 2509 682 2568 formarum

859 2639 990 2734 <mugil
1036 2663 1092 2721 pro
1136 2643 1279 2706 CLREM

409 2831 522 2890 frustra
546 2826 652 2904 opinor
680 2827 828 2904 exempla!
846 2828 956 2886 saeculi
985 2828 1105 2887 secundi
1132 2837 1320 2905 quaerentur.
1376 2827 1507 2890 Saeculo
1535 2829 1623 2908 igitur
1642 2829 1709 2886 tertio

410 2941 538 2992 exeunte
564 2929 705 3007 exempla
732 2930 985 2989 senatusconsulti
1011 2938 1063 2989 aut
1087 2939 1232 2991 renovata
1263 2933 1400 2991 videntur
1431 2949 1500 2991 esse
1533 2940 1585 2990 ant
1613 2930 1709 2989 omnino

411 3036 540 3113 primum
562 3033 680 3109 publice
702 3033 864 3108 proposita.
921 3031 1019 3107 Quam
1041 3042 1176 3092 accurate
1205 3043 1305 3094 autem
1333 3035 1545 3111 quadratarius
1566 3033 1709 3108 exemplum

411 3138 565 3213 antiquum
587 3133 773 3210 expresserit
794 3135 1008 3212 orthographia
1028 3154 1176 3212 nusquam
1197 3149 1339 3214 corrupta
1356 3138 1503 3209 ostendit;
1526 3139 1599 3214 quin
1611 3137 1710 3195 incun-

411 3238 528 3316 pendiis
554 3237 719 3314 scripturae
743 3237 776 3296 in
797 3237 934 3297 kalendis
955 3237 1121 3298 indicandis
1142 3246 1291 3299 vetustum
1314 3258 1398 3299 usum
1421 3241 1575 3316 sequitur,
1599 3257 1658 3297 cum
1679 3237 1710 3310 ip

413 3341 477 3400 sius
500 3347 597 3399 aetate
619 3357 737 3414 semper
758 3355 814 3398 rau
837 3339 1016 3399 scriberetur
1036 3360 1092 3418 pru
1115 3359 1133 3399 ιι
1160 3343 1224 3401 aevi
1247 3342 1390 3413 melioris,
1422 3361 1478 3401 uec
1500 3344 1559 3401 nisi
1580 3343 1609 3400 in
1628 3357 1710 3400 consu-

411 3443 477 3502 latu
498 3440 633 3519 peoeavit
654 3440 705 3500 ubi
727 3455 787 3500 cos
802 3442 833 3500 in
846 3457 921 3502 coss
943 3443 1079 3516 mutavit,
1101 3444 1181 3521 quod
1203 3453 1273 3502 ante
1294 3445 1446 3504 saeculum
1468 3446 1587 3505 tertium
1608 3441 1709 3502 medium

414 3563 475 3604 non
495 3544 655 3603 invenitur.

499 3644 647 3707 Consules
670 3645 786 3706 suffecti
807 3647 870 3706 noti
892 3655 970 3706 suut.
1014 3648 1100 3706 Alter
1120 3647 1154 3707 P.
1182 3647 1301 3708 Cassius
1325 3647 1472 3710 Secundus
1494 3653 1711 3710 commemoratur

415 3749 445 3809 in
469 3747 555 3807 titulo
576 3745 849 3826 Lambaesitan01)
870 3749 1042 3828 imperatori
1058 3749 1213 3809 Hadriano
1235 3769 1254 3809 a
1274 3753 1419 3811 militibus
1442 3753 1589 3830 stipendia
1608 3749 1710 3809 emerius

416 3853 526 3922 dicato,
557 3849 589 3909 in
615 3867 674 3926 quo
701 3849 810 3910 dicitur
836 3852 952 3929 legatus
978 3855 1106 3932 Augusti
1132 3873 1187 3930 pro
1213 3863 1364 3932 praetore,
1398 3854 1513 3914 scilicet
1539 3853 1654 3934 legionis
1674 3846 1710 3906 lli

416 3957 572 4032 Augustae
594 3953 625 4010 in
639 3951 783 4012 Numidia
803 3962 905 4014 castra
925 3955 1075 4029 habentis3
1099 3974 1214 4031 exque
1231 3957 1378 4032 legatione
1400 3975 1467 4015 cum
1490 3959 1589 4016 statim
1610 3955 1642 4012 ad
1660 3968 1710 4009 ccu-

417 4057 548 4116 aulatum
575 4056 699 4131 provehi
727 4056 808 4115 soliti
836 4058 910 4132 sint,
944 4055 1100 4118 Secundus
1128 4077 1163 4118 ea
1188 4060 1345 4134 postremis
1377 4060 1567 4136 imperatoris
1594 4051 1708 4115 Hadriani

416 4159 503 4218 annis
526 4158 643 4216 iunctus
665 4156 783 4216 videtur
804 4177 881 4219 esse.
924 4161 1056 4220 Alterius
1079 4161 1129 4237 qui
1151 4161 1236 4220 initio
1259 4173 1379 4220 senatus
1402 4163 1533 4221 consulti
1555 4167 1671 4220 vocatur:

499 4259 535 4319 P.
562 4259 705 4336 Delphina
731 4259 902 4337 Peregrinus
936 4261 1038 4322 Ateius
1074 4262 1212 4322 Aleuuius
1245 4264 1391 4322 Maximus
1421 4263 1538 4324 Curtius
1570 4263 1708 4323 Valerianus

418 4363 560 4422 Proculus
582 4361 625 4421 M.
649 4361 762 4421 Nouius
784 4364 948 4438 Mucianus,
982 4365 1014 4424 in
1034 4367 1093 4425 fine
1115 4366 1290 4443 simpliciter
1311 4367 1355 4424 M.
1377 4366 1491 4426 Nonius
1514 4368 1655 4425 Mucianus
1672 4377 1708 4414 ue

417 4469 517 4527 vimus
544 4463 663 4522 titulum
692 4472 761 4523 aute
787 4466 975 4526 consulatum
997 4470 1025 4527 ei
1046 4489 1065 4527 a
1086 4467 1310 4528 Veronensibus
1332 4467 1539 4546 dedicatum²)
1564 4470 1591 4527 in
1611 4483 1661 4544 quo
1677 4459 1708 4517 dl-

420 4569 533 4628 Nouius
562 4566 606 4625 M.
629 4568 657 4641 s.
680 4565 750 4626 Pob.
772 4567 928 4629 Mucianus
950 4570 983 4629 P.
1006 4571 1150 4648 Delphina
1175 4570 1348 4647 Peregrinus
1375 4573 1545 4650 appellatur
1575 4580 1603 4628 et
1629 4563 1709 4626 deinde

420 4673 550 4730 honores
579 4671 617 4729 ab
643 4687 678 4730 eo
705 4671 782 4746 gesti
808 4672 998 4734 exhibentur:
1032 4676 1063 4733 in
1091 4682 1283 4734 monumento
1311 4693 1347 4732 eo
1376 4675 1412 4732 de
1439 4693 1500 4752 quo
1528 4675 1647 4753 agimus,
1672 4663 1708 4722 ubi

421 4857 624 4869 ....-.-——

500 4984 523 5046 ¹)
551 4981 654 5044 uenter,
674 4982 780 5034 Βοοιιιί]
798 5001 824 5036 ιι.
846 4989 870 5036 1.

500 5087 525 5154 ²)
554 5089 633 5158 corp,
651 5077 685 5128 V.
704 5095 730 5131 n.
751 5075 832 5130 3³43.
