3580 5938
383 543 431 616 22
975 561 1115 613 samur.
1149 582 1151 586 ·

380 748 495 799 certum
520 746 567 798 est
591 737 732 796 indicium
759 737 807 796 hic
833 745 934 795 tamen
959 754 1020 793 non
1041 753 1114 795 casu
1135 736 1247 795 sactum
1269 754 1337 796 esse
1358 735 1487 796 videtur.
1530 736 1627 798 Deest
1647 739 1706 814 qui-

381 843 448 902 dem
470 840 502 900 in
523 840 588 900 cod.
610 838 708 899 Palat.
731 839 776 898 tit.
791 837 928 910 XXVII,
950 837 1004 896 sed
1025 856 1092 897 cum
1115 837 1152 896 de
1174 838 1222 898 his
1244 839 1434 914 potissimum
1457 839 1633 918 accipienda
1654 841 1709 899 sint

382 945 474 1003 verba
492 939 545 1002 ‘ad
566 943 712 1002 circulare
733 959 933 1000 marmoreum
954 935 1085 1017 epistile'
1108 973 1146 984 -
1174 939 1205 998 id
1226 941 1307 1017 quod
1330 942 1514 1001 demonstrat
1536 943 1708 1020 circulorum

382 1047 544 1106 delineatio
566 1045 681 1104 adiecta
703 1075 743 1087 -
765 1043 910 1102 omissum
931 1060 1002 1102 esse
1022 1050 1105 1119 patet
1126 1061 1208 1102 mero
1230 1061 1340 1102 errore.
1380 1043 1485 1102 Titulo
1501 1043 1609 1104 XXVI
1631 1063 1708 1120 prae

382 1148 461 1208 cedit
481 1149 513 1208 iu
535 1147 600 1207 cod.
622 1147 689 1206 Pal.
710 1147 821 1205 lemma
839 1141 935 1204 ‘aliud
956 1140 1158 1222 epigramma'
1193 1144 1338 1223 Epiatylii
1361 1163 1429 1205 esse
1443 1147 1563 1205 titulum
1578 1147 1708 1218 XXVII,

382 1252 447 1310 reri
469 1250 655 1310 simillimum
677 1257 737 1321 est3
760 1249 817 1306 hoc
843 1255 943 1307 tamen
964 1248 1143 1317 notandum,
1171 1247 1207 1305 de
1229 1247 1404 1325 Aesculapii
1430 1257 1460 1305 et
1481 1247 1599 1307 Dianae
1622 1250 1711 1308 Ther·

382 1354 461 1414 miae
482 1353 595 1431 templo
617 1353 818 1410 coniecturam
839 1350 925 1410 illum
946 1351 1085 1427 quisquis
1105 1357 1152 1408 est
1173 1349 1282 1409 iecisse
1304 1369 1343 1408 ex
1363 1349 1438 1426 ipsis
1454 1349 1609 1410 titulorum
1623 1352 1710 1411 XXV

385 1466 415 1516 et
437 1453 547 1514 XXVI
570 1439 844 1524 rerbis'haustam,
872 1470 998 1528 eamque
1018 1452 1223 1511 falsissimam.
1267 1452 1363 1511 Immo
1386 1447 1527 1530 templi¹)
1550 1455 1711 1513 consecrati

383 1558 476 1617 index
497 1556 639 1634 epistylio
660 1555 829 1631 insculptus
851 1563 898 1614 est
915 1543 1126 1637 Αὐτοκράτορος
1147 1545 1208 1610 Sin
1232 1596 1323 1612 .....
1345 1544 1392 1611 καὶ
1405 1545 1586 1616 Ἀπόλλωνος
1600 1550 1711 1638 Gapaloi,

386 1660 465 1720 sIcut
489 1660 521 1719 in
542 1658 664 1737 Mylasii
690 1657 792 1735 templi
819 1657 958 1734 epistylio
985 1657 1131 1733 scriptum
1157 1656 1215 1715 fuit
1236 1647 1426 1740 Αὐτοκράτορι
1450 1648 1570 1741 Καίσαρι
1597 1665 1653 1717 cet.
1676 1691 1711 1702 -

384 1752 433 1821 uui
454 1757 518 1834 θοᾷ
536 1750 644 1838 Ῥώμῃ,
666 1778 726 1837 quo
747 1760 887 1836 exemplo
911 1759 1000 1818 simul
1021 1757 1163 1818 Caesaris
1185 1777 1293 1818 nomen
1315 1759 1363 1818 dei
1385 1760 1498 1819 nomini
1518 1762 1712 1838 praemissum

386 1873 558 1926 excusatur.
601 1861 700 1921 Doleo
726 1863 807 1938 quod
829 1863 980 1922 nescimus
1001 1879 1160 1937 quemnam
1181 1861 1395 1940 imperatorum
1417 1861 1555 1937 Apollini
1576 1863 1712 1922 Thermio

386 1967 638 2045 Mytilenaeorum
663 1965 760 2041 pietas
786 1963 1018 2036 consociaverit3
1045 1953 1165 2045 Ν[ἔρουα
1187 1953 1315 2048 Τραοᾶνω
1337 1971 1472 2024 secutum
1494 1982 1560 2023 esse
1582 1963 1713 2024 Heuzeni

388 2077 435 2130 est
448 2068 636 2132 coniectura.
673 2065 763 2126 Certo
786 2067 826 2125 ad
845 2066 929 2145 ipsas
944 2066 1092 2126 Thermas
1115 2067 1243 2141 pertinet
1264 2066 1369 2125 titulus
1384 2065 1503 2138 XXVI,
1524 2085 1584 2144 quo
1606 2067 1673 2126 sons
1688 2075 1713 2125 et

388 2170 592 2250 aquaeductus
605 2169 725 2229 Dianae
740 2168 901 2228 Thermiae
922 2169 1048 2240 dicatur,
1066 2166 1228 2229 Cenchreis
1243 2167 1356 2228 Lesbia
1377 2170 1508 2245 quadam
1529 2169 1568 2227 ab
1590 2171 1663 2229 urbe
1677 2203 1713 2213 -

388 2273 520 2334 ciusdem
541 2272 671 2332 nominis
692 2271 836 2348 oppidum
857 2272 889 2330 in
911 2269 1030 2330 Troade
1051 2270 1147 2330 fuisse
1168 2270 1292 2330 adnotat
1307 2252 1430 2330 Boee’kh
1453 2272 1504 2349 qui
1525 2272 1622 2331 edidit
1643 2270 1712 2331 c.1.

390 2375 471 2438 2172
494 2408 533 2419 —
556 2375 596 2434 ad
608 2374 773 2452 Mytilenen
795 2391 893 2449 usquc
912 2373 1080 2450 perductus.
1112 2373 1277 2433 Dedicator
1291 2373 1380 2432 Ditas
1402 2375 1523 2450 quidam
1546 2374 1643 2434 fuisse
1658 2393 1713 2432 cre·

389 2480 481 2550 ditur,
510 2478 599 2538 homo
626 2478 715 2554 plane
741 2482 949 2552 portentosus,
976 2495 1031 2536 uec
1056 2475 1151 2554 patrIs
1178 2495 1233 2534 nec
1258 2477 1374 2552 patriae
1395 2477 1514 2535 nomine
1536 2475 1639 2537 addito
1660 2495 1713 2534 uno

389 2582 511 2642 nomine
543 2598 638 2657 eoque
670 2580 772 2657 ignoto
802 2585 969 2638 contentus.
1018 2575 1132 2638 Nescio
1161 2579 1233 2654 quid
1261 2578 1448 2655 corruptelae
1474 2579 1569 2638 lateat
1596 2587 1625 2637 et
1654 2598 1713 2636 cum

390 2685 493 2744 eadem
520 2684 612 2742 verba
634 2671 775 2763 Ἀρτέμιδι
803 2669 911 2757 eisaie
939 2671 1029 2742 Δι’τας
1057 2681 1146 2739 etiam
1175 2699 1268 2759 supra
1294 2681 1325 2739 in
1354 2680 1442 2740 titulo
1464 2681 1544 2739 XXI
1572 2681 1714 2758 legantur,

391 2785 588 2847 coniectando
615 2784 760 2844 abstineo.
784 2817 822 2828 -
853 2781 1003 2843 Videntur
1024 2785 1137 2860 scripta
1157 2783 1231 2842 haec
1252 2783 1347 2842 fuisse
1369 2801 1429 2860 quo
1450 2783 1519 2842 loco
1541 2801 1623 2860 aqua
1643 2781 1714 2842 Cen-

390 2890 487 2949 chreis
509 2888 636 2947 deducta
656 2888 687 2946 in
709 2886 906 2946 Thermarum
929 2885 1045 2944 alveum
1068 2903 1100 2944 se
1122 2883 1301 2944 effundebat.

420 3019 423 3026 »
475 2990 614 3068 Denique
635 2989 681 3050 tit.
696 2987 791 3048 XXV
805 2987 881 3047 mire
902 2997 1060 3064 corruptus
1082 2987 1208 3046 traditur
1228 2987 1259 3046 iu
1276 2987 1450 3066 apographo
1464 2987 1611 3062 Pariano,
1634 2989 1715 3049 inter·

391 3094 519 3174 potatus,
534 3094 609 3154 adeo
629 3093 662 3151 in
684 3090 749 3150 eud.
772 3089 839 3150 Pal.
861 3090 941 3148 hunc
961 3091 993 3148 in
1014 3087 1149 3149 modum:

823 3269 1082 3324 deutereseos
1099 3247 1210 3324 realia
1222 3295 1229 3310 ·
1243 3271 1304 3324 ΔιΑ

823 3371 971 3426 τεΝεοῑ
987 3351 1050 3424 ‘ln
1064 3398 1070 3414 ·
1083 3373 1264 3427 anraeoa

823 3473 1004 3529 araneum
1019 3475 1092 3529 τοι
1112 3452 1247 3529 ιεΡεΥῑ

822 3577 1124 3632 araatnnsaerotz

393 3752 445 3811 ubi
465 3749 531 3809 aad
551 3757 631 3808 recte
646 3745 758 3808 Gruter
779 3768 818 3807 ex
841 3749 906 3807 cod.
922 3737 1058 3814 Λεοβῖοοο
1079 3747 1181 3828 edidit.
1223 3747 1347 3807 Boeckh
1370 3745 1403 3808 G.
1420 3748 1445 3808 I.
1461 3747 1543 3808 2194
1564 3749 1719 3810 Niebuhrii

394 3851 569 3932 apographo
597 3851 685 3922 fisus,
718 3851 771 3927 qui
797 3841 922 3917 Λέσβιος
949 3850 1028 3909 male
1055 3850 1187 3929 legerat,
1215 3851 1354 3910 lacunam
1383 3849 1555 3928 descripsit:
1589 3847 1638 3910 bid
1665 3845 1717 3918 βίω

395 3954 408 4031 [
409 3997 499 4014 .....
501 3953 513 4030 ]
536 3944 675 4026 hisdem
697 3955 729 4012 in
751 3953 945 4013 adnotatione
966 3961 1065 4012 tamen
1079 3944 1215 4018 Λεσβίοις
1236 3953 1393 4012 lectionem
1417 3973 1490 4014 sano
1509 3953 1623 4014 iudicio
1639 3973 1719 4031 prae-

383 4057 472 4122 tulit.
513 4055 598 4115 Idem
624 4056 724 4114 versui
749 4057 845 4133 primo
871 4055 1077 4115 violentiorem
1104 4056 1250 4114 medelam
1277 4055 1428 4116 adhibuit:
1457 4047 1719 4140 πον[ηγυριοῖριχο]ς

394 4148 443 4218 καὶ
464 4147 561 4243 ἱερεύς.
604 4156 670 4217 Nec
696 4158 803 4216 mirum
829 4157 910 4234 quod
935 4158 1013 4216 male
1035 4157 1145 4217 tradita
1165 4156 1299 4217 fraudem
1321 4159 1349 4217 ei
1369 4158 1513 4217 iecerunt.
1556 4159 1720 4237 Integriora

396 4269 532 4342 praestat
553 4261 758 4339 apographum
773 4260 955 4320 Pariauum:
980 4263 1338 4332 ΟΜΑΣΚΑΙΠΑΝΙΡΕΥΣ,
1361 4278 1487 4336 quorum
1509 4263 1648 4336 quamvis
1667 4281 1719 4318 uon

396 4364 536 4424 omnibus
563 4365 694 4422 numeris
719 4371 801 4422 certa
822 4363 979 4440 contigerit
999 4363 1164 4434 restitutio,
1192 4371 1291 4420 tamen
1312 4374 1392 4422 recte
1413 4363 1485 4421 mihi
1507 4363 1612 4422 videor
1631 4363 1718 4422 homi-

396 4466 445 4526 nis
467 4484 576 4525 nomen
597 4466 765 4544 agnovisse.
801 4463 934 4526 Litteras
956 4466 1035 4525 enim
1058 4467 1237 4522 ΑΣΚΑΙΠΑΝ
1261 4465 1292 4523 in
1314 4437 1549 4522 ΑΣΚΛΑΠΙΑΔΑ1
1566 4465 1719 4524 mutandus

398 4586 505 4628 censeo
532 4568 562 4625 h.
582 4587 608 4628 e.
627 4557 873 4644 Ἀσκλ[α]πιο’δα;
900 4575 970 4646 post
997 4571 1017 4624 Α
1044 4567 1133 4626 facile
1160 4572 1182 4623 Λ
1208 4567 1308 4626 littera
1334 4566 1509 4627 intercidere
1534 4570 1642 4643 potuit.
1684 4567 1720 4625 lit

397 4673 455 4730 hoc
482 4670 600 4748 quidem
624 4670 720 4747 patris
746 4687 854 4728 nomen
881 4678 942 4742 est,
968 4669 1015 4728 cui
1041 4669 1239 4745 praecedebat
1263 4668 1358 4746 ipsius
1381 4671 1544 4729 sacerdotis
1565 4689 1672 4730 nomeu
1692 4668 1719 4725 in

399 4755 478 4850 {a}
500 4772 650 4832 deridens.
673 4771 844 4832 Memineris
865 4765 914 4829 daci
936 4761 1036 4848 γένους
1057 4771 1195 4848 Asclepii
1216 4772 1312 4831 fuisse
1333 4773 1533 4846 sacerdotem,
1560 4773 1652 4849 igitur
1672 4789 1719 4848 pa-

478 5077 502 5140 ¹)
531 5077 560 5131 Si
580 5077 683 5144 quidem
701 5077 751 5128 fuit
770 5079 868 5142 templi,
887 5093 941 5129 nou
959 5079 1073 5143 ipsorum
1093 5077 1243 5128 balneorum
1262 5079 1370 5130 alieuius
1389 5079 1468 5143 partis
1483 5077 1641 5142 epistylium
1660 5076 1720 5124 sicut

400 5173 428 5222 iu
452 5171 528 5221 titulo
546 5170 660 5236 Ephesio
679 5169 709 5222 O.
726 5171 749 5222 Ι.
767 5173 798 5222 L.
817 5171 869 5233 III,
888 5172 943 5222 424
967 5171 1140 5235 aquaeductus
1164 5171 1270 5222 Deanae
1288 5170 1417 5236 Ephesiae
1441 5177 1467 5220 ct
1491 5171 1551 5236 imp.
1572 5169 1675 5220 Caesari
1697 5174 1719 5214 ct

401 5264 444 5316 Ti.
463 5263 569 5316 Caesari
588 5265 657 5329 Aug.
676 5259 695 5314 l.
714 5269 740 5313 et
759 5263 857 5314 civitati
875 5263 970 5330 Ephes.
990 5263 1097 5314 dicatur.
