3530 5932
501 621 576 674 uss
594 621 677 674 cos.
698 621 928 674 666-661616.
1310 601 1380 672 139

135 793 240 873 Capite
264 793 372 854 XCIII
400 803 516 854 vetatur
543 795 649 854 duorir
674 796 881 874 praefectusve
907 797 944 854 de
969 796 1037 855 loco
1059 796 1180 874 publico
1202 814 1294 872 prove
1316 796 1384 854 loco

74 899 170 976 publico
194 898 244 956 vel
272 917 291 956 a
316 898 503 976 redemptore
528 899 663 977 mancipe
689 897 799 975 praede
820 898 930 961 donum
952 916 1060 958 munus
1081 899 1246 958 mercedem
1268 917 1384 974 capere.

74 998 140 1073 Quod
160 1018 225 1058 cum
247 1017 426 1077 expressum
442 1000 580 1060 videatur
601 1000 640 1059 ad
660 1001 782 1079 publica
802 1002 868 1061 iura
887 1001 993 1080 populi
1007 1001 1146 1074 Romam,
1169 1017 1298 1076 quanam
1317 1001 1384 1078 lege

73 1101 213 1162 secundum
240 1121 278 1160 ea
305 1111 442 1162 teneatur
467 1103 520 1180 qui
542 1103 687 1162 eiusmodi
709 1103 820 1163 donum
843 1104 959 1180 occepit
980 1103 1101 1163 difficile
1124 1103 1204 1162 dictu
1227 1110 1288 1176 est;
1315 1122 1383 1162 nam

72 1205 279 1282 repetundarum
304 1206 415 1265 crimen
442 1205 553 1264 sociale
578 1217 626 1264 eat
647 1225 743 1284 neque
765 1204 846 1264 aliud
868 1206 963 1265 ullum
985 1215 1095 1284 aptum.
1139 1205 1284 1266 Fortasse
1306 1206 1385 1282 cogi-

72 1306 172 1366 tandum
197 1317 247 1366 est
272 1307 309 1366 de
336 1307 403 1386 lege
428 1327 479 1380 ea,
508 1327 599 1386 quum
619 1305 763 1385 cicer01)
790 1309 834 1368 sic
856 1308 953 1368 effert:
983 1311 1086 1367 donum
1106 1327 1142 1367 ae
1164 1312 1297 1384 capiunto
1317 1327 1386 1367 nece

73 1411 204 1468 66666666
219 1411 346 1487 petendo
366 1429 434 1469 nece
452 1411 578 1487 peranda
598 1428 667 1469 neae
685 1419 768 1486 qesta
785 1400 938 1487 potestate3
960 1412 1034 1470 htec
1056 1411 1133 1471 enim
1156 1411 1269 1470 ambitu
1289 1409 1385 1488 mqui-
1488 1391 1492 1400 ⁵

71 1513 122 1570 dem
142 1513 376 1590 comprehendit,
398 1513 451 1572 sed
473 1513 544 1572 item
567 1512 605 1570 ad
627 1532 663 1572 ea
685 1512 764 1572 dona
785 1514 821 1573 de
843 1514 952 1590 quibus
974 1514 1144 1590 quaerimus
1165 1522 1246 1573 recte
1269 1513 1386 1571 videtur

71 1614 162 1674 referri.
206 1614 322 1694 Legem
350 1625 449 1675 autem
471 1614 605 1676 Cinciam
633 1633 700 1674 cum
728 1623 845 1675 constet
870 1616 1077 1694 prohibuisse,
1103 1617 1263 1693 quominus
1290 1616 1384 1674 cliens

71 1725 176 1794 patrono
199 1717 312 1778 donum
334 1736 482 1778 munusve
504 1712 642 1794 daret²)‚
665 1717 768 1777 eadem
791 1718 851 1777 alio
874 1719 972 1797 capite
993 1719 1030 1778 de
1052 1719 1138 1779 donis
1159 1738 1178 1778 a
1198 1718 1385 1795 redemptore

72 1810 238 1898 uugistmtoi
260 1821 374 1881 oblatis
397 1821 514 1881 cavisse
534 1829 644 1898 potest.
960 1807 963 1816 ¹
1193 1815 1195 1823 '

617 2117 822 2140 h———n-u

135 2435 363 2514 Magistratibus
392 2435 527 2496 coloniae
556 2436 736 2496 adscribitur
764 2436 921 2514 imperium
951 2444 1145 2515 potestasque
1176 2437 1247 2515 (sao
1274 2453 1529 2518 quoqucMagistra

69 2541 513 2616 66666966616166666666
535 2539 635 2611 t,1t;
662 2543 745 2617 quive
766 2549 824 2598 tum
845 2543 1032 2616 asapietratus
1053 2544 1200 2617 imperium
1218 2550 1385 2618 potestatem
1401 2535 1440 2578 “¹⁸
1453 2528 1523 2614 .⁰⁰¹⁰'

146 2639 258 2700 tatae
280 2639 310 2714 6,
328 2641 380 2714 13;
407 2641 447 2699 61.
472 2642 499 2714 I,
514 2641 548 2700 8:
570 2641 663 2700 IIoIre'
683 2644 851 2719 qudcumque
871 2644 902 2700 in
924 2661 958 2702 ea
980 2641 1092 2702 colonia
1112 2647 1311 2719 mapiatratam
1333 2645 1384 2703 ta·
1434 2616 1493 2652 ΜΘ

70 2740 173 2820 deluat).
219 2741 394 2820 opponitur
418 2743 478 2821 ipsi
504 2742 694 2821 magistratui
716 2742 808 2816 6,16
835 2747 888 2822 qai
909 2763 966 2822 pro
992 2763 1047 2822 quo
1074 2749 1192 2822 imperio
1215 2754 1387 2823 potestateve

68 2851 114 2902 tun
132 2849 161 2903 in
180 2846 297 2904 colonia
315 2843 452 2904 Genetiva
474 2849 527 2904 erit
549 2845 746 2921 similiterque
770 2847 852 2918 3,13
875 2847 957 2905 IIotr
977 2847 1005 2904 ei
1026 2847 1078 2924 qui
1093 2866 1150 2924 pro
1165 2857 1305 2925 potestate
1324 2857 1385 2920 cst;

69 2953 179 3023 utroque
204 2947 276 3007 loco
302 2947 474 3025 praefectus
501 2947 620 3007 videtur
646 2947 819 3025 significari.
864 2948 1055 3026 Quamquam
1081 2949 1153 3009 alibi
1178 2949 1204 3022 l,
1224 2948 1263 3009 29
1287 2951 1386 3010 verbis

66 3065 111 3120 pro
139 3068 169 3108 eo
200 3054 322 3126 imperto
347 3060 489 3127 potestate
515 3049 597 3110 IIvir
622 3050 792 3128 praefectus
822 3051 986 3129 aedilisque
1014 3051 1313 3129 comprehenduntur.
1346 3085 1385 3096 -

69 3147 206 3226 1166666,
226 3153 278 3212 13:
306 3156 389 3230 quiue
416 3163 473 3213 tum
499 3157 684 3231 mapistrotue
707 3156 857 3232 impastum
874 3163 1043 3230 potestatem
1063 3155 1227 3214 colonorum
1248 3156 1386 3231 saffrapic

68 3265 131 3324 teret
153 3253 251 3331 (peret
276 3254 354 3331 del)
382 3257 518 3334 iustaque
546 3256 577 3316 G.
608 3253 745 3316 Caecart's
849 3255 961 3316 habebit
998 3257 1025 3316 si
1060 3264 1140 3317 recte
1172 3257 1282 3317 tradita
1307 3266 1386 3329 sunt,

69 3357 246 3433 uagIstratus
273 3377 294 3416 a
319 3357 434 3417 colonis
459 3359 503 3417 ita
524 3357 610 3418 electi
632 3367 717 3432 suut,
744 3367 779 3418 ut
805 3359 912 3418 deinde
935 3379 953 3418 6
974 3356 1105 3420 Caesare
1126 3359 1385 3433 confirmarentur;

68 3458 135 3530 qnod
159 3478 219 3537 quo
245 3461 312 3520 iure
337 3459 403 3520 fieri
427 3460 572 3539 potuerit,
599 3462 715 3535 nescio,
742 3480 839 3539 neque
865 3461 905 3520 ad
933 3461 1186 3521 confirmationem
1211 3472 1386 3540 perpetuam

70 3559 265 3622 stabiliendam
293 3563 368 3622 satis
389 3562 446 3621 init
466 3563 555 3622 unius
577 3562 734 3624 dIctatoris
756 3561 790 3623 0.
814 3562 955 3624 Caesaris
977 3583 1085 3623 nomen
1106 3565 1189 3642 poni.
1230 3564 1386 3642 Magistra·

68 3671 119 3730 tua,
148 3665 199 3740 qui
230 3664 321 3741 primi
346 3672 450 3724 essent
476 3673 547 3741 post
572 3665 720 3726 coloniam
744 3665 915 3738 deductam,
944 3684 1005 3726 non
1033 3665 1208 3726 colonorum
1236 3666 1387 3744 suffragiis

68 3771 169 3825 666166
195 3785 281 3839 esse,
307 3766 362 3826 sed
388 3787 408 3824 a
433 3767 586 3828 conditore
613 3768 709 3830 factos
735 3775 969 3829 consentaneum
996 3776 1044 3828 est
1064 3768 1306 3846 intellegiturque
1326 3769 1388 3828 for·

68 3872 136 3925 tasse
156 3869 187 3928 id
209 3870 320 3950 Ipsum,
342 3888 523 3946 quamquam
544 3883 609 3930 tum
630 3871 817 3930 scribendum
839 3880 885 3930 est
905 3874 1026 3930 iaeeuce.
1163 3855 1176 3907 1
1488 3915 1495 3922 .

139 3971 185 4029 Ad
207 3971 380 4048 petitionem
405 3973 552 4032 honorum
572 3990 650 4049 quae
670 3961 821 4049 pertinent
841 3993 867 4033 c.
884 3971 1038 4033 CXXXII
1058 3973 1096 4034 de
1113 3973 1321 4051 largitionibus
1336 3991 1386 4050 pe·
1412 3987 1468 4038 Lex
1482 3987 1514 4037 de

68 4067 168 4131 titionis
190 4091 284 4133 causa
304 4091 364 4132 non
385 4074 532 4134 iaciendis
555 4073 599 4152 (8,
615 4073 665 4133 25.
681 4073 750 4152 28),
777 4075 848 4134 item
875 4075 912 4134 de
935 4076 1081 4135 conviviis
1102 4075 1231 4153 publicis
1254 4083 1388 4151 tempore
1415 4063 1512 4112 1111111111

67 4173 172 4244 petendi
194 4175 391 4252 prohibendis
413 4183 517 4253 aperte
537 4179 569 4235 in
590 4177 667 4236 hauc
687 4177 784 4255 legem
805 4179 954 4237 translata
975 4187 1045 4237 sunt
1065 4196 1104 4236 ex
1124 4178 1242 4255 legibus
1257 4177 1387 4254 publicis

68 4276 160 4348 populi
181 4275 310 4337 Romani
336 4278 374 4336 de
400 4279 527 4353 ambitu,
554 4298 615 4356 quo
641 4289 797 4356 praeterea
822 4280 977 4357 probabile
1004 4289 1051 4338 est
1077 4289 1212 4358 spectare
1234 4279 1328 4358 legem
1350 4279 1388 4338 66

68 4371 123 4432 loco
143 4379 225 4438 ludis
246 4399 306 4440 uon
328 4380 427 4440 dando
449 4381 508 4440 nisi
531 4399 570 4440 ex
591 4380 784 4441 decurionum
807 4383 925 4440 decreto
948 4382 990 4459 (v.
1012 4402 1041 4459 p.
1061 4381 1141 4460 132).
1181 4382 1314 4460 Tempus
1336 4401 1386 4459 pe·

69 4477 137 4536 tendi
158 4490 206 4539 est
227 4482 397 4555 biennium,
419 4502 475 4560 666
498 4486 563 4560 qais
581 4492 664 4559 petat
681 4488 858 4561 petitarueve
878 4493 929 4557 eat,
951 4493 984 4543 ut
1005 4485 1049 4543 ait
1069 4485 1120 4543 Iex
1142 4484 1246 4543 Tullia
1267 4484 1304 4543 de
1326 4503 1387 4542 am·

67 4577 157 4660 61161)
183 4584 315 4662 itemque
341 4585 416 4644 haec
436 4586 488 4645 lex
511 4585 540 4657 8,
559 4585 606 4659 lt,
633 4603 813 4664 quemquam
836 4586 937 4663 paullo
959 4594 1029 4665 post
1049 4605 1077 4644 r.
1095 4585 1133 4645 23
1157 4586 1194 4645 de
1215 4603 1251 4644 eo
1273 4594 1388 4646 tantum

68 4698 135 4741 auno
155 4685 265 4764 am'tur,
286 4705 348 4765 quo
370 4687 439 4764 quis
461 4687 669 4768 magistratum
690 4696 781 4767 petat.
817 4688 966 4749 11161666
989 4707 1085 4748 annus
1104 4688 1257 4766 petitionis
1271 4688 1388 4748 futurae

71 4864 264 4882 ⁸¹¹-———-

134 5012 437 5082 666666

133 5109 159 5178 ’l
187 5113 261 5164 Vide
277 5131 343 5182 6666
361 5115 418 5166 dixi
436 5113 498 5166 666.
519 5113 626 5166 Ferret.
648 5119 672 5180 1,
686 5117 748 5168 sot.

135 5208 159 5274 ²)
185 5229 212 5278 p.
229 5213 281 5264 132
299 5215 359 5267 adn.
374 5219 399 5266 1.
437 5215 477 5267 cf.
498 5212 658 5266 Staetsrecltt
677 5219 702 5279 1,
716 5215 778 5266 tos.
