3580 5938
141 1768 399 1884 GYRIACI
435 1766 820 1883 ANCONITANI
856 1763 1349 1881 INSCRIPTIONVM

208 1953 653 2070 Lusssmclnvn
691 1951 972 2068 SYLLOGll
1009 1951 1282 2066 ΙΝΕΒΙΤΑ.

75 2435 287 2578 Mazochii
309 2521 565 2597 epigrammatum,
580 2521 640 2598 (od.
656 2521 772 2580 Romae
787 2519 881 2596 1521)
903 2519 1040 2594 exemplo
1063 2517 1133 2577 olim
1155 2518 1187 2576 in
1203 2515 1235 2578 S.
1252 2518 1414 2598 Augustini

76 2623 243 2694 coenobio,
271 2642 350 2682 nunc
376 2623 407 2681 in
435 2624 640 2684 universitatis
662 2623 844 2683 bibliotheca
866 2621 969 2698 (XIV,
992 2619 1030 2694 Q.
1048 2620 1102 2696 20)
1123 2619 1237 2679 Paviae
1259 2631 1413 2682 asservato

76 2727 116 2784 in
143 2725 224 2784 calce
251 2725 428 2784 subiunctas
455 2734 524 2786 sunt
549 2726 666 2802 aliquot
685 2725 898 2803 inscriptiones
921 2743 1012 2782 manu
1034 2723 1178 2800 scriptae,
1205 2742 1330 2802 graecae
1352 2723 1413 2800 ple·

78 2845 207 2903 raeque,
229 2825 395 2886 Lesbiacae
416 2845 530 2888 omnes.
566 2828 727 2905 indagavit
747 2827 826 2887 haud
848 2827 1009 2912 ignobilem
1030 2827 1107 2885 banc
1129 2825 1267 2905 syllogen
1289 2827 1415 2886 circnm-

78 2937 192 3005 speeta
212 2928 365 3026 Theodori
387 2930 556 2990 Mommsen
578 2931 732 3007 diligentia
752 2929 944 3008 eiusdemque
967 2929 1021 2988 viri
1043 2928 1155 3008 insigni
1176 2928 1320 2988 beneficio
1342 2929 1414 2987 mihi

79 3033 140 3089 boc
168 3031 268 3089 datum
295 3039 355 3104 est,
382 3041 414 3090 ut
440 3040 593 3110 comperto
619 3032 707 3110 longe
734 3032 879 3110 plurimas
906 3049 973 3092 esse
993 3031 1137 3104 ineditas,
1163 3031 1295 3109 reliquas
1317 3037 1413 3090 autem

79 3151 145 3191 non
169 3133 234 3191 sine
255 3133 352 3192 fructu
376 3153 414 3193 ex
435 3155 513 3196 novo
535 3136 617 3195 fonte
638 3137 745 3195 iterum
767 3135 816 3195 edi
837 3153 939 3211 posse,
961 3152 1064 3195 omnes
1085 3143 1233 3212 quotquot
1251 3141 1353 3194 essent
1372 3134 1415 3192 in·

78 3235 266 3314 scriptiones
287 3236 404 3295 ederem
426 3238 582 3314 editasque
604 3238 784 3298 necessariis
807 3237 1059 3298 commentariolis
1082 3237 1269 3296 adornarem.
1344 3265 1349 3270 ·

169 3337 268 3396 Rarae
289 3356 363 3398 sane
383 3357 455 3399 aves
478 3340 575 3398 adbuc
596 3340 679 3399 fuere
699 3340 780 3400 tituli
801 3341 902 3417 graeci
923 3359 962 3398 ex
985 3339 1059 3398 solis
1082 3339 1168 3398 libris
1189 3338 1415 3415 manuscriptis

78 3439 201 3513 traditi3
224 3440 276 3499 sed
289 3441 469 3501 Mommseni
488 3443 660 3520 exemplum
675 3443 835 3502 latinarum
850 3443 1078 3520 inscriptionum
1094 3441 1183 3519 copia
1196 3442 1320 3502 mirifice
1334 3442 1416 3501 illinc

77 3553 174 3601 aucta
194 3543 351 3619 probatum
373 3545 641 3604 luculentissimam
665 3545 751 3604 nobis
774 3563 857 3620 spem
880 3545 1006 3623 aperuit,
1029 3545 1093 3604 fore
1115 3555 1147 3603 ut
1169 3545 1279 3604 eisdem
1294 3545 1414 3604 tandem

77 3645 258 3723 diligentius
280 3647 369 3706 aditis
390 3646 522 3706 lontibus
541 3648 630 3706 etiam
646 3665 820 3726 graecarum
837 3656 990 3724 emergant
1004 3647 1084 3705 haud
1100 3648 1210 3724 exigua
1224 3647 1415 3706 incrementa.

77 3745 215 3823 Cyriaco
230 3749 429 3821 admonitore,
450 3749 604 3809 indefesso
625 3759 882 3810 monumentorum
897 3750 1185 3827 inscriptionumque
1198 3750 1415 3827 investigatori,

77 3850 150 3908 sive
166 3850 226 3928 ipsi
241 3851 304 3910 sire
319 3851 365 3909 his
380 3852 430 3927 qui
445 3853 510 3911 eius
524 3853 627 3930 copias
642 3853 674 3911 in
690 3871 776 3912 suurn
791 3871 881 3912 usum
896 3859 1118 3924 converterunt,
1138 3853 1169 3911 in
1188 3851 1293 3930 primis
1309 3852 1417 3912 deben-

76 3963 131 4010 tur
153 3969 231 4028 qnae
252 3971 360 4030 graeca
381 3972 420 4012 ex
441 3954 597 4014 codicibus
620 3973 700 4014 nova
720 3955 897 4014 redundant.
940 3954 981 4014 Et
1003 3952 1137 4032 Cyriaci,
1164 3954 1215 4032 qui
1237 3971 1316 4013 anno
1337 3955 1412 4013 1431

76 4073 122 4113 ex
151 4055 267 4115 oriente
291 4057 387 4116 redux
412 4075 553 4135 magnum
579 4057 734 4117 titulorum
761 4077 916 4117 numerum
943 4056 1113 4135 adportavit
1123 4057 1166 4134 l),
1195 4056 1274 4114 hanc
1299 4073 1418 4132 quoquc

75 4175 176 4234 qnam
198 4159 331 4218 editurus
353 4177 419 4218 sum
441 4159 579 4237 syllogen
602 4177 670 4220 esse
691 4159 834 4219 iudicavit
846 4161 1021 4220 Mommsen.
1054 4159 1096 4219 Et
1111 4159 1268 4218 verissime
1287 4159 1417 4235 quidem.

75 4259 191 4338 Longe
211 4260 340 4336 plurima
361 4280 434 4338 pars
454 4270 487 4320 ut
508 4261 571 4321 dixi
594 4261 749 4322 titulorum
770 4262 882 4322 inedita
903 4272 962 4334 est3
985 4263 1099 4338 aliquot
1116 4269 1215 4320 tamen
1230 4261 1314 4321 novit
1328 4263 1419 4321 etiam

77 4361 210 4420 Boeclrb
225 4371 373 4440 anteaque
387 4372 533 4422 noverunt
545 4362 657 4424 Gruter
671 4363 864 4438 etMurutori,
881 4383 1007 4442 quorum
1022 4364 1075 4424 ille
1089 4363 1190 4424 codice
1205 4362 1344 4423 Palatino
1359 4363 1416 4423 156

76 4465 115 4538 (s.
134 4465 252 4543 usq),
273 4467 323 4525 hic
337 4465 456 4524 schedis
467 4464 675 4526 Vallicellanis
697 4485 716 4524 a
729 4457 792 4526 Iba.
807 4466 983 4527 Bianchinio
1002 4467 1104 4526 missis
1128 4466 1220 4543 (nunc
1234 4465 1418 4526 cod.Vallic.
1508 4475 1510 4478 ’

76 4565 111 4624 G
127 4567 170 4624 47
193 4567 214 4626 f.
230 4567 268 4625 43
279 4568 360 4646 sqq.)
383 4585 455 4627 usus
477 4577 532 4628 est.
568 4568 604 4627 In
619 4568 759 4627 Palatino
781 4569 858 4627 libro
881 4585 936 4627 sex
956 4577 1026 4628 sunt
1047 4571 1147 4648 graeci
1168 4569 1258 4640 tituli,
1279 4567 1419 4628 Lesbiaci

75 4685 189 4728 omnes
212 4666 262 4744 (G.
277 4670 302 4728 1.
319 4667 359 4730 G.
376 4669 466 4728 2171.
483 4669 574 4730 2173.
591 4669 682 4730 2190.
699 4669 790 4730 2211.
808 4669 898 4730 2194.
916 4670 1012 4748 2172)
1034 4689 1199 4750 omnesque
1219 4680 1339 4749 praeter
1357 4670 1419 4748 pri-

74 4789 167 4830 mum
188 4771 219 4829 in
232 4771 370 4830 Pariana
391 4773 508 4850 sylloge
528 4772 660 4832 redeunt
693 4773 854 4832 Praecedit
867 4792 908 4832 ex
922 4774 1014 4834 variis
1030 4775 1226 4854 scriptoribus
1242 4775 1420 4853 deprompta

75 4873 116 4930 dc
133 4871 237 4932 Lesbo
255 4874 359 4934 insula
374 4874 527 4934 adnotatio
542 4874 751 4958 geographica,
774 4882 807 4934 ut
822 4886 903 4936 certo
919 4877 1045 4936 consilio
1062 4877 1187 4936 solidam
1202 4876 1418 4937 Lesbiacorum

162 5135 184 5198 ¹)
211 5137 281 5188 Vide
301 5137 371 5187 ritae
391 5135 733 5201 GyriaciScalamontiansc
752 5139 979 5205 p.LXXX11sq.,
999 5140 1060 5189 item
1080 5139 1235 5191 Mommseni
1255 5147 1417 5206 conspectum

72 5227 203 5280 itinerum
223 5229 329 5296 Cyriaci
349 5243 489 5295 eorumque
509 5245 574 5296 quae
593 5241 627 5281 ex
646 5231 839 5282 commentariis
858 5233 912 5283 eiua
931 5237 1068 5298 supersunt
1087 5231 1117 5283 O.
1138 5233 1160 5284 Ι.
1176 5233 1206 5284 Ι..
1225 5233 1267 5285 111
1286 5249 1311 5298 p.
1326 5233 1418 5285 XXII.

71 5321 186 5374 xm

1174 5416 1188 5472 1
