3532 5938
388 533 463 605 204
794 552 878 604 von.
907 553 1305 616 1ANT1QVISSIMARVM.
1658 559 1700 608 aar

800 656 953 664 ———.

386 727 561 789 Mutuescae
582 726 649 784 viae
672 723 809 785 Salariae
832 728 958 804 rigorem
981 737 1061 788 certo
1085 730 1184 788 ubivis
1207 747 1351 806 apparere
1378 749 1444 787 cum
1468 728 1610 805 sepulcris
1630 730 1705 788 iuxta

386 849 452 889 eam
482 830 593 906 passim
616 828 779 888 collocatis.
824 826 961 890 Secundo
989 831 1088 908 lapide
1116 841 1187 910 post
1207 834 1305 891 vicum
1332 831 1451 892 Novum
1481 832 1600 892 transiri
1618 833 1703 890 nrum

385 931 553 992 venientem
582 932 689 989 avico
711 932 830 1009 Poggio
853 933 979 1004 Nativo,
1009 935 1120 994 dictum
1148 935 1275 1011 primum
1295 925 1379 1010 sueto
1405 937 1436 992 di
1464 935 1573 1010 Pappia
1599 933 1702 1006 Natim,

386 1052 457 1094 mox
480 1036 570 1093 Foaao
592 1034 670 1092 della
698 1034 790 1106 Villa3
814 1054 880 1094 eum
902 1036 999 1095 rivum
1021 1056 1076 1114 pro
1098 1058 1130 1096 re
1153 1057 1212 1096 non
1241 1039 1284 1097 ita
1304 1036 1569 1114 exiguumdeinde
1587 1036 1704 1095 incidere

387 1137 417 1194 in
439 1137 561 1196 fluvium
582 1136 752 1195 Farfarum.
796 1138 861 1195 Iam
883 1139 974 1216 igitur
996 1139 1187 1217 intellegitur,
1210 1141 1292 1200 cuius
1315 1140 1404 1200 rivuli
1425 1148 1516 1218 ponte
1539 1139 1706 1216 primariae

389 1241 487 1316 portio
509 1239 676 1299 definiatur.
708 1273 746 1283 -
797 1239 958 1314 Transitns
981 1242 1088 1301 deinde
1110 1245 1221 1303 montis
1243 1243 1415 1320 Appennini
1437 1243 1516 1302 iusto
1548 1241 1614 1301 loco
1634 1261 1706 1318 repe·

384 1342 474 1413 ritur3
509 1363 578 1403 nam
611 1342 768 1399 terminum
801 1343 906 1403 habuit
939 1344 1069 1404 secunda
1101 1347 1209 1421 portio,
1243 1347 1270 1404 si
1302 1356 1382 1404 recte
1415 1362 1557 1404 numeros
1587 1345 1703 1402 restitui·

382 1463 466 1516 mus,
506 1447 569 1504 fere
610 1450 649 1507 ad
690 1447 887 1507 centesimum
926 1447 1072 1526 lapidem,
1123 1465 1210 1524 quem
1252 1467 1291 1506 ex
1332 1446 1462 1506 miliario
1501 1447 1527 1506 I.
1565 1445 1602 1506 N.
1635 1444 1705 1504 6259

382 1557 501 1608 constat
534 1549 655 1610 stetisse
682 1569 775 1628 prope
798 1550 981 1626 Trisungum
1010 1550 1041 1607 in
1067 1550 1145 1609 valle
1168 1551 1292 1610 Truenti
1324 1548 1485 1625 superiore.
1533 1581 1571 1591 -
1612 1547 1706 1606 Tertia

383 1667 470 1728 pars,
513 1652 539 1709 si
580 1661 660 1712 recte
692 1653 794 1710 hiatus
830 1652 958 1728 explevi,
996 1651 1107 1730 duplex
1143 1662 1203 1724 est,
1244 1661 1276 1711 ut
1315 1653 1427 1712 bivium
1463 1651 1554 1710 suerit
1587 1650 1646 1710 iere
1675 1649 1706 1706 ad

383 1754 579 1813 centesimum
601 1764 863 1831 sternerenturque
886 1754 953 1813 viae
988 1754 1057 1814 inde
1093 1755 1169 1814 duae
1205 1754 1300 1813 altera
1326 1756 1364 1813 ad
1390 1753 1603 1814 Interamnium
1624 1753 1706 1812 Prae·

381 1855 575 1916 tattianorum
621 1857 710 1916 hodie
751 1858 886 1926 Τεναηιος
943 1857 999 1915 hoc
1047 1857 1125 1916 enim
1166 1858 1310 1936 oppidum
1349 1858 1436 1916 iuxta
1474 1855 1639 1916 Truentum
1675 1854 1707 1914 ad

380 1959 528 2017 Asculum
561 1959 706 2020 Picenum
751 1967 834 2038 patet
871 1960 1033 2036 significari
1065 1981 1093 2018 v.
1125 1960 1171 2019 13.
1233 1959 1424 2037 Quamquam
1466 1960 1493 2018 si
1532 1960 1580 2017 cui
1619 1959 1705 2036 magis

381 2062 512 2140 placebit
537 2061 617 2121 riam
645 2060 791 2122 Salariam
819 2063 946 2137 septimo
974 2063 1093 2122 saeculo
1122 2063 1266 2121 Asculum
1299 2081 1359 2121 non
1387 2061 1539 2138 attigisse,
1567 2061 1619 2120 sed
1647 2069 1707 2137 post

383 2164 557 2242 Appennini
582 2166 740 2224 transitum
766 2163 981 2222 Interamnium
1004 2166 1157 2242 petivisse,
1186 2165 1277 2224 verba
1299 2182 1375 2241 quae
1401 2165 1434 2222 in
1456 2163 1544 2222 titulo
1565 2174 1709 2221 remanent

383 2268 474 2326 etiam
496 2267 564 2325 huic
579 2267 712 2345 opinioni
734 2267 822 2325 facile
843 2267 1157 2327 accommodabuntur.
1200 2266 1267 2326 Hoc
1290 2266 1451 2325 anteaiam
1472 2265 1706 2325 intellexeramus

380 2371 616 2443 Interamnium,
648 2370 727 2446 quod
756 2369 917 2428 seeundum
944 2369 1098 2430 itineraria
1129 2371 1298 2448 posteriora
1335 2389 1354 2427 a
1381 2366 1501 2428 Salaria
1529 2369 1706 2444 aliquantum

381 2475 483 2549 distat,
506 2486 641 2553 tempore
661 2476 773 2535 liberae
794 2473 839 2530 rei
865 2471 1003 2549 publicae
1024 2474 1068 2555 ad
1094 2474 1193 2550 ipsam
1212 2473 1292 2530 viam
1311 2471 1460 2549 publicam
1488 2471 1595 2530 fuisse.
1638 2467 1708 2528 Nam

380 2579 534 2655 prodierat
556 2589 624 2638 ante
651 2595 745 2665 annos
772 2579 835 2638 fere
863 2578 1080 2656 quinquaginta
1105 2576 1135 2634 in
1163 2593 1235 2653 agro
1262 2574 1333 2652 pegi
1355 2572 1457 2636 Sancti
1480 2573 1585 2634 Omeri
1614 2573 1708 2649 cippus

362 2680 430 2742 ,hic
451 2682 599 2741 miliarias
623 2681 658 2758 (I.
682 2681 721 2738 N.
746 2679 827 2741 6258
852 2707 889 2732 =
912 2681 972 2740 rol.
998 2683 1012 2738 l
1036 2701 1065 2739 n.
1089 2677 1163 2754 561)

901 2921 917 2962 1.
935 2935 941 2949 ·
959 2919 1074 2964 caserta
1092 2935 1098 2948 ·
1115 2919 1193 2976 ομ

943 3027 1151 3086 merilllllls

1015 3164 1088 3208 cxlx

1002 3285 1092 3329 aona

382 3496 435 3571 qui
456 3513 554 3572 pagus
581 3513 646 3554 cum
668 3495 783 3556 medius
806 3495 846 3553 sit
866 3497 945 3553 inter
966 3494 1112 3553 Asculum
1134 3502 1164 3551 et
1184 3493 1414 3563 Interamnium,
1446 3492 1506 3550 iam
1527 3492 1605 3552 olim
1627 3492 1708 3550 edens
1758 3473 1759 3504 ³

380 3617 449 3656 eum
470 3597 590 3676 cippum
607 3598 747 3659 adnotari
770 3616 837 3656 eum
860 3606 946 3656 extra
968 3597 1096 3673 rigorem
1119 3597 1186 3655 viae
1209 3593 1344 3656 Salariae
1366 3596 1543 3674 posterioris
1568 3595 1708 3674 prodiisse

380 3699 484 3776 itaque
506 3701 655 3777 pertinere
678 3687 771 3763 videri
793 3701 832 3759 ad
853 3698 1000 3760 Salariam
1023 3699 1102 3757 viam
1126 3699 1163 3757 ab
1185 3719 1221 3759 ea
1242 3717 1331 3776 quam
1353 3700 1492 3758 novimus
1513 3697 1666 3758 diversam
1685 3703 1710 3754 et

380 3803 583 3863 vetustiorem.
689 3782 711 3862 ‚⁷

465 3903 524 3966 Sed
546 3907 652 3985 cippus
688 3908 715 3966 is
748 3926 837 3983 quem
865 3906 953 3966 modo
980 3905 1083 3965 rettuli
1112 3923 1178 3964 cum
1213 3924 1249 3963 eo
1277 3923 1365 3981 quem
1397 3923 1453 3964 nos
1480 3905 1602 3964 edimus
1630 3901 1707 3962 titulo
1757 3851 1758 3945 i

382 4007 470 4066 etiam
506 4011 630 4086 propius
669 4011 843 4069 coniunctus
880 4008 997 4068 videtur
1033 4025 1109 4067 ease.
1167 4009 1367 4066 Attribuimus
1400 4027 1467 4066 eum
1503 4007 1606 4066 adhuc
1640 4007 1707 4062 duce

380 4109 549 4188 Borghesio
571 4111 606 4169 L.
630 4109 763 4172 Caecilio
786 4112 824 4188 Q.
847 4113 867 4170 f.
891 4110 1013 4170 Metello
1036 4109 1153 4169 consuli
1175 4111 1355 4186 etquidem,
1388 4130 1455 4170 cum
1473 4109 1564 4169 huius
1587 4109 1707 4168 numiuis

381 4212 457 4272 duos
480 4215 621 4273 consules
643 4215 714 4274 fasti
736 4215 897 4273 exhibeant
911 4235 938 4272 a.
955 4223 985 4272 et
1000 4212 1059 4271 612
1074 4221 1104 4270 et
1120 4212 1189 4284 637,
1212 4214 1317 4272 horum
1332 4213 1503 4289 posteriori.
1547 4212 1616 4270 Iam
1636 4228 1708 4279 raro,

379 4333 446 4373 cum
474 4315 524 4374 via
549 4317 624 4376 haec
652 4325 714 4376 tam
740 4337 758 4375 a
784 4335 908 4375 censore
940 4315 1021 4375 refici
1048 4315 1180 4391 potuerit
1206 4334 1296 4392 quam
1326 4335 1345 4374 a
1370 4316 1509 4387 consulo,
1546 4315 1621 4374 item
1649 4311 1706 4368 r.3

379 4418 444 4493 pari
464 4418 529 4477 iure
551 4426 580 4476 et
601 4418 682 4495 [co]s.
707 4418 838 4496 suppleri
861 4419 958 4493 possit
972 4429 1002 4477 et
1023 4417 1132 4494 [cen]a.,
1156 4437 1235 4476 nunc
1250 4427 1346 4477 autem
1371 4418 1551 4494 patefactum
1575 4418 1616 4476 sit
1638 4416 1707 4472 riam

381 4516 529 4579 Salariam
550 4525 747 4580 instauratam
770 4539 837 4580 esse
859 4521 904 4597 [ia
925 4520 1058 4597 ceosu]ru
1083 4519 1202 4591 Caecili,
1225 4521 1346 4579 omnino
1369 4517 1526 4578 videndum
1554 4529 1618 4590 est,
1647 4535 1708 4576 num

377 4620 455 4679 forte
478 4619 628 4681 Caecilius
664 4624 713 4681 hic
745 4625 771 4682 is
808 4625 874 4699 ipse
902 4623 950 4696 sit,
987 4625 1071 4682 cuius
1100 4642 1207 4682 nomen
1240 4623 1327 4700 cippo
1363 4622 1408 4681 illi
1443 4621 1624 4699 inscriptum
1658 4629 1707 4678 est.

378 4721 419 4779 Et
432 4741 572 4784 censores
594 4725 714 4801 quidem
730 4724 877 4785 Caecilios
894 4725 964 4784 fasti
981 4723 1124 4784 exhibent
1141 4725 1282 4802 quinque,
1305 4745 1333 4783 a.
1349 4723 1408 4783 623
1427 4723 1465 4799 Q.
1479 4723 1637 4784 Metellum
1651 4722 1707 4782 lIa-

377 4823 560 4898 redonicam,
584 4847 610 4885 a.
639 4827 699 4886 634
729 4828 766 4902 Q.
790 4828 944 4886 Metellum
968 4827 1168 4899 Baliaricum,
1202 4848 1229 4886 a.
1258 4825 1317 4886 639
1340 4826 1378 4886 L.
1400 4827 1573 4900 Metellum,
1604 4847 1630 4884 a
1653 4821 1705 4882 652

380 4925 418 5000 Q.
441 4926 595 4988 Metellum
611 4929 801 4989 Numidicum
827 4940 857 4989 et
880 4927 913 4989 Ο.
930 4931 1082 4990 Metellum
1099 4929 1286 5008 Caprariam,
1309 4929 1419 5007 quibus
1436 4930 1571 5008 singulis
1593 4931 1624 4988 in
1646 4945 1706 4986 euna

378 5047 466 5104 quem
495 5031 612 5092 edimus
640 5033 757 5092 titulum
787 5032 866 5092 idem
893 5033 940 5090 ius
966 5043 1027 5105 est,
1053 5033 1112 5092 nisi
1134 5033 1212 5092 forte
1234 5032 1351 5092 duobus
1373 5032 1503 5092 Metellis
1529 5035 1560 5091 in
1588 5047 1706 5091 censura

377 5131 502 5210 collegis
524 5135 582 5194 hoc
608 5136 725 5208 obstat,
756 5136 836 5212 quod
858 5135 890 5193 in
906 5136 1012 5195 horum
1034 5135 1130 5194 altero
1152 5145 1219 5195 utro
1247 5135 1370 5195 omissio
1392 5135 1596 5213 praenominis
1623 5134 1704 5192 etiam
1753 5153 1754 5186 2

377 5234 474 5310 magis
500 5237 632 5298 offendit.
677 5237 738 5298 Sed
764 5240 869 5316 cippus
897 5238 1044 5298 miliarina
1073 5237 1326 5300 Sanctomeranus
1359 5238 1385 5297 sl
1414 5237 1547 5296 eiusdem
1576 5235 1704 5296 censoris
1753 5189 1754 5279 i
