3580 5938
974 552 1124 614 HUBNER

629 731 769 794 Generae
791 735 959 794 Mommsen
981 734 1076 794 Inscr.
1090 734 1179 794 Helr.
1197 734 1262 811 65),
1284 754 1362 812 quae
1384 736 1526 796 facillime
1548 756 1613 796 cum
1633 737 1704 814 Ulpii

628 837 771 896 conlundi
792 844 963 913 potuerunt,
985 836 1065 914 quod
1084 839 1223 915 componi
1237 839 1336 915 possit
1351 839 1449 898 solum
1464 847 1602 916 superest
1618 839 1704 898 Vilirn

628 957 735 998 nomen
763 958 829 999 cum
857 939 1008 999 derivatis.
1052 940 1132 999 Illud
1159 941 1315 1020 'elongem
1341 943 1433 1002 habet
1457 950 1490 1000 ut
1516 931 1705 1016 Ουέιψτανᾶςς

628 1061 645 1099 e
671 1041 805 1118 Vib(e)sa
827 1049 926 1101 entem
952 1043 1045 1118 Vipea
1067 1043 1102 1118 (b
1125 1051 1193 1102 onte
1216 1063 1230 1103 s
1251 1044 1283 1103 in
1301 1064 1324 1121 p
1346 1043 1479 1122 mutatu)
1500 1055 1579 1104 recte
1600 1052 1705 1104 coutra-

629 1143 716 1202 hitur.
760 1143 878 1204 Deinde
900 1143 1034 1220 eVipsa
1054 1163 1108 1221 per
1130 1156 1155 1204 et
1175 1147 1223 1206 vel
1245 1147 1444 1219 irruiturum,
1466 1147 1502 1205 de
1524 1165 1584 1223 quo
1606 1147 1704 1206 dictum

629 1257 676 1306 est
701 1246 731 1306 in
754 1244 913 1324 Calpetani
939 1247 1076 1318 nomine,
1104 1247 1219 1325 Vipsitn
1241 1249 1304 1308 fieri
1326 1251 1424 1328 potuit
1445 1248 1573 1325 indeque
1594 1249 1707 1326 lineo)-

630 1359 729 1420 tunae,
756 1358 790 1408 ut
810 1359 930 1428 praeter
956 1347 1076 1425 Operum
1099 1349 1251 1426 Opsldr'um
1272 1353 1420 1410 Amiterni
1443 1358 1474 1410 et
1494 1352 1608 1410 Areiae
1628 1351 1707 1410 etiam

632 1451 801 1528 Opsturr'arn
827 1471 936 1511 nomen
963 1450 1128 1528 reperimus
1158 1452 1183 1512 I.
1206 1452 1245 1512 N.
1267 1453 1358 1512 5763.
1382 1453 1465 1514 5990
1493 1453 1550 1530 (ol.
1579 1454 1650 1531 quae
1675 1453 1708 1510 de

634 1553 742 1630 Opstra
766 1553 855 1614 Ostra
879 1553 983 1612 formis
1012 1551 1182 1614 Corssenus
1210 1555 1300 1614 habet
1326 1557 1356 1614 iu
1377 1553 1493 1616 Kuhnii
1520 1554 1706 1615 annalibus3

629 1676 659 1734 p.
676 1656 767 1734 249),
793 1676 923 1734 quocum
952 1657 1155 1734 comparanda
1177 1657 1367 1735 Apsoillunus
1394 1667 1424 1717 et
1451 1658 1618 1736 Aporidos,
1643 1660 1707 1716 item

629 1759 750 1838 linguae
766 1768 900 1820 vetustae
919 1759 1033 1820 formae
1049 1761 1130 1820 velut
1144 1764 1307 1838 possestrr'c
1321 1759 1402 1838 apud
1418 1761 1575 1820 Afranium
1597 1759 1639 1839 (p.
1655 1760 1706 1818 161

629 1861 745 1938 Ribb.).

386 1961 544 2026 *Vrnanvs
641 1964 768 2024 Viranus
789 1963 955 2041 Ampliatae
977 1965 1158 2043 archigallus
1181 1966 1315 2044 m(atris)
1338 1966 1456 2043 d(eum)
1478 1964 1604 2044 Capuae
1631 1965 1654 2026 l.
1673 1963 1708 2024 li.

716 2065 807 2127 3583.
848 2065 954 2127 Lectio
976 2086 1036 2127 non
1058 2077 1153 2140 certo3
1177 2069 1305 2128 traditur
1326 2069 1417 2128 etiem
1440 2069 1585 2128 Verium.

387 2169 603 2230 Vrrnunrnnvs
634 2167 673 2228 L.
705 2169 873 2230 Vitellianae
908 2170 1014 2230 Vitelr'o
1043 2169 1159 2230 Romae
1191 2171 1221 2230 in
1252 2171 1350 2231 hortis
1378 2170 1553 2232 Barberinis
1582 2169 1708 2230 Fabretti

717 2273 788 2358 dib,
805 2272 873 2334 173.

631 2375 755 2434 Vitellia
782 2373 864 2435 Latii
892 2375 1036 2454 oppidum
1064 2383 1215 2435 vetustum
1245 2376 1297 2453 (ut
1322 2377 1422 2454 ipsum
1451 2395 1557 2437 nomen
1586 2373 1708 2450 indicat)

631 2497 670 2537 ex
683 2477 772 2537 Livio
789 2475 817 2551 2,
834 2478 872 2538 39
896 2488 998 2537 uotum
1022 2488 1081 2552 θεὶς
1105 2479 1297 2539 conferuntur
1317 2480 1408 2540 etium
1430 2498 1507 2557 quae
1525 2479 1562 2538 de
1578 2477 1710 2537 Vitellise

632 2582 728 2659 gentis
750 2581 864 2658 origine
881 2579 1042 2642 Suetonius
1065 2581 1096 2639 in
1110 2581 1236 2642 Vitellio
1258 2584 1357 2660 cap.l
1383 2583 1543 2659 congessit
1580 2579 1710 2641 Ceterum

631 2693 732 2760 potest
753 2683 908 2743 Vitelliani
930 2703 1038 2743 nomen
1061 2685 1150 2744 etiam
1174 2694 1273 2744 ortum
1295 2703 1364 2745 esse
1387 2705 1425 2744 ex
1447 2683 1634 2764 cognomine.

388 2787 538 2848 Vonnnvs
634 2783 667 2847 Si
690 2785 823 2846 Vorenus
846 2785 893 2845 lur
914 2785 1101 2846 Horatianus
1123 2786 1204 2863 (sire
1225 2786 1417 2864 Lucilianus)
1440 2795 1561 2847 auctore
1582 2785 1710 2863 Porphy·
1777 2791 1778 2854 l

716 2889 801 2949 riona
823 2888 876 2965 (ad
898 2898 954 2948 set.
973 2891 999 2960 1,
1017 2888 1052 2962 8,
1070 2889 1144 2966 39),
1166 2891 1218 2967 qui
1240 2907 1301 2949 non
1323 2889 1394 2949 ficta
1415 2889 1451 2948 de
1473 2909 1509 2950 eo
1532 2890 1661 2960 rettulit,
1683 2907 1711 2944 re

717 3011 789 3051 vero
809 2992 934 3052 libertus
955 2991 1065 3050 luisset
1086 2989 1124 3066 Q.
1146 2989 1261 3051 Lutatii
1284 2990 1396 3064 Catuli,
1418 3011 1456 3051 ex
1478 2992 1711 3052 nomenclaturae

718 3095 891 3154 vetustioris
918 3095 984 3171 lege
1009 3095 1149 3157 Vorenus,
1167 3093 1304 3154 Lutatius
1331 3095 1365 3167 Q.
1393 3097 1529 3182 libertus,
1556 3113 1596 3154 ex
1622 3112 1715 3152 receu-

717 3198 794 3256 tiore
816 3197 1032 3256 consuetudine
1055 3229 1076 3255 ·.
1099 3196 1182 3273 (num
1204 3216 1388 3274 praenomen
1410 3197 1554 3257 habuisse
1575 3195 1714 3274 putandus
1776 3251 1777 3286 .

718 3308 764 3360 est
785 3319 804 3358 a
824 3299 943 3378 petroni
966 3299 1133 3377 diversum)
1155 3299 1293 3360 Dertallos
1309 3299 1344 3371 Q.
1361 3301 1382 3359 l.
1399 3299 1534 3359 Vorenus
1549 3299 1606 3359 fuit
1620 3297 1714 3375 appel·

716 3403 804 3461 latus.
851 3399 910 3462 Sed
932 3421 969 3462 ne
991 3402 1177 3484 cognominis
1199 3402 1320 3478 quidem
1336 3400 1451 3461 Voruui
1473 3401 1600 3462 alterum
1623 3418 1714 3460 exem·

716 3506 801 3582 plum
826 3505 906 3565 nori.
950 3503 1022 3565 Noli
1051 3513 1149 3564 autem
1178 3524 1244 3564 eam
1271 3505 1310 3564 ob
1337 3521 1461 3564 causam
1487 3523 1597 3564 nomeu
1622 3505 1713 3564 dotum

718 3626 736 3666 a
762 3617 852 3685 poete
880 3616 987 3684 putare
1015 3627 1032 3665 e
1061 3607 1185 3666 vorandi
1214 3607 1375 3679 voeabulo;
1409 3625 1504 3683 nequo
1536 3607 1615 3666 enim
1648 3605 1716 3666 solet

716 3717 806 3786 poeta
832 3711 862 3768 in
892 3709 994 3769 satiris
1023 3710 1146 3769 nomina
1172 3709 1299 3788 lingere,
1329 3717 1363 3768 ut
1390 3710 1500 3769 dudum
1530 3710 1713 3769 observatum

719 3819 773 3872 est.
821 3813 922 3889 Atque
950 3814 1038 3872 etiam
1066 3811 1197 3872 Pediatii
1225 3812 1355 3890 pathici,
1384 3813 1436 3888 qui
1465 3830 1526 3870 une
1554 3811 1716 3871 nominetur

719 3933 787 3974 cum
808 3916 888 3974 Iulio
911 3925 941 3974 et
954 3915 1087 3988 Vomano,
1109 3933 1217 3975 nomeu
1239 3913 1310 3974 olibi
1332 3934 1393 3974 non
1414 3915 1572 3991 reperitur.
1616 3911 1713 3992 Singu-

719 4018 848 4077 laritatis
876 4018 940 4077 eius
963 4019 1024 4078 ulie
1045 4027 1201 4095 praeterea
1222 4017 1362 4095 exempla
1381 4017 1506 4094 praebet
1525 4034 1716 4094 prosopogru-

720 4121 791 4198 phin
811 4121 990 4194 Horatiana,
1016 4129 1050 4180 ut
1072 4119 1191 4182 Scetuni
1213 4139 1332 4192 nomen,
1359 4119 1395 4178 de
1417 4137 1478 4196 quo
1500 4119 1715 4197 supradictum
1774 4137 1775 4200 j

719 4233 774 4283 est.
825 4222 932 4301 Neque
966 4222 1139 4282 mutandum
1169 4223 1201 4280 in
1229 4223 1381 4294 Beronum
1413 4223 1444 4281 iu
1472 4241 1490 4280 o
1518 4221 1598 4281 enim
1626 4223 1716 4282 litters
1774 4225 1775 4309 l

717 4326 786 4386 libri
821 4325 923 4402 scripti
956 4343 1059 4386 omnes
1093 4325 1292 4385 consentiunt.
1342 4325 1448 4402 ltaque
1469 4324 1586 4384 Vorani
1616 4341 1714 4384 nomeu

718 4448 818 4488 rarum
846 4425 952 4487 licebit
981 4427 1142 4506 gentilioiis
1169 4429 1200 4487 in
1229 4447 1303 4487 anus
1332 4427 1510 4501 attribuere,
1540 4445 1714 4505 quemquam

718 4530 897 4590 dubitanter.
1773 4595 1774 4602 ,

390 4631 586 4692 vrsvrnnvs
641 4631 809 4710 omnum
829 4632 1007 4709 Profuturo
1029 4632 1149 4696 saronis
1173 4631 1206 4693 c.
1223 4634 1248 4692 1.
1262 4631 1298 4691 L.
1314 4633 1363 4691 111
1380 4631 1460 4694 2525
1484 4632 1607 4710 (teroem
1634 4631 1714 4691 roro.

720 4733 798 4795 2621
822 4735 901 4796 idem
924 4756 1033 4797 nomen
1060 4737 1173 4814 Urgnlu
1199 4735 1280 4813 Urgu
1308 4735 1367 4812 Urg
1389 4733 1553 4812 scribitur).
