3580 5938
381 539 425 609 12
581 517 587 527 ’
974 557 1113 608 naman

375 733 547 792 Boeelrhius
579 734 734 794 refellitur.
785 732 914 810 Triplex
946 732 1082 791 mulieris
1115 731 1181 790 laus
1210 732 1345 804 effertur3
1378 731 1475 808 prima
1503 729 1585 808 quod
1612 730 1651 789 de
1677 749 1707 788 re

375 835 496 912 publica
517 837 593 896 bene
614 837 721 896 merita
742 837 795 908 sit,
818 835 913 894 altera
933 835 1014 911 quod
1036 854 1074 894 ne
1095 852 1181 893 sacra
1203 834 1321 912 quidem
1343 852 1468 892 munera
1490 834 1707 906 detrectaverit,

375 939 464 998 tertia
488 939 569 1016 quod
591 941 660 1017 ipsa
680 941 754 999 bene
776 938 883 998 merita
905 957 923 996 a
944 937 1106 996 maioribus
1129 937 1324 996 nobilissimis
1345 936 1537 996 descenderit.
1583 935 1708 1013 Singula

376 1041 562 1119 singulorum
584 1062 659 1120 quae
681 1043 791 1119 copula
813 1047 915 1100 carent
936 1047 1117 1099 commatum
1139 1040 1272 1098 membra
1290 1029 1338 1096 ani
1353 1039 1500 1118 particula
1514 1048 1709 1098 conectuntur

375 1136 520 1226 (πρύτανιν
540 1135 589 1202 uui
611 1136 761 1228 εύεργὲπιν,
783 1134 870 1227 ἱερέαν
891 1133 939 1200 aci
960 1132 1127 1226 ἱεροφύρον),
1153 1143 1229 1201 unde
1250 1149 1404 1220 peecatum
1426 1149 1491 1200 erat
1513 1141 1539 1201 si
1558 1132 1660 1219 λα’«γιος
1680 1151 1709 1201 et

375 1235 510 1329 πρύτανις
540 1247 685 1307 vocabula
714 1237 875 1304 ιὲτννδὲτωτ
904 1245 1099 1321 ponebantur.
1147 1245 1287 1322 Denique
1316 1262 1406 1321 quam
1432 1254 1501 1322 apte
1529 1245 1707 1304 adiectivum

374 1339 474 1425 λόγιος
495 1349 533 1408 ad
556 1351 776 1410 substantivum
799 1338 932 1432 πρύτανις
953 1347 1086 1420 accedat,
1108 1347 1195 1407 docet
1216 1347 1309 1426 epigr.
1331 1348 1369 1406 A.
1392 1347 1460 1408 Pal.
1482 1348 1562 1425 App.
1585 1368 1615 1407 n.
1632 1347 1706 1406 346:

681 1543 760 1612 τιμῆς
781 1531 926 1626 ἄρχοντος
947 1533 1046 1618 λογίου
1069 1529 1160 1624 χάριν
1182 1529 1338 1610 ivriacum

720 1635 816 1716 βουλὴ
840 1634 888 1702 ucri
909 1635 1045 1710 βασιλεῖς
1067 1636 1113 1700 πόν
1134 1635 1225 1718 σοφὸν
1246 1631 1398 1708 Eric-illaec.

455 1818 509 1875 πᾶν
530 1814 608 1875 θεοῖν
627 1813 785 1897 Ἐπηφιλνῖν
805 1809 853 1877 acri
874 1818 1034 1902 Καριπσᾶν.
1077 1816 1225 1877 Neutrum
1252 1835 1361 1876 nomen
1387 1816 1482 1876 habeo
1509 1817 1559 1892 qul
1585 1819 1705 1894 penitus

374 1920 531 1998 explicem.

456 2013 630 2108 ἕργοφύριυς
652 2041 724 2100 apes
748 2033 835 2084 vocat
849 2024 1007 2096 Aelianus,
1028 2023 1175 2100 virginem
1197 2010 1351 2106 ἐργοφύριν
1373 2039 1433 2080 non
1453 2021 1606 2101 intellego.
1645 2021 1706 2080 Ita-

372 2142 430 2201 que
462 2125 617 2184 emendavi
648 2116 799 2210 ἱεριφύρον.
850 2125 898 2187 De
927 2126 1028 2203 puella
1053 2115 1209 2209 κερνοφύρῳ
1239 2125 1382 2204 cogitavit
1408 2124 1615 2184 Mommsenus
1650 2125 1705 2201 (cf.

375 2225 410 2287 C.
426 2226 451 2287 I.
467 2226 503 2286 L.
524 2227 540 2286 I
562 2249 591 2306 p.
605 2228 675 2288 391.
696 2227 743 2287 VI
761 2249 789 2288 n.
807 2229 890 2306 508).
934 2227 1003 2288 Non
1034 2228 1156 2288 ultimus
1185 2235 1264 2286 certe
1291 2228 1323 2286 in
1349 2227 1500 2305 mysteriis
1528 2228 1592 2287 eius
1621 2228 1705 2289 loeus

372 2330 439 2405 fuit,
461 2317 540 2408 quae
563 2349 649 2390 sacra
669 2331 792 2392 ferebat.

455 2433 584 2493 Potamo
610 2434 766 2512 legislator
792 2433 888 2492 adhuc
915 2451 975 2493 non
1002 2433 1141 2494 innotuit.
1183 2433 1279 2493 Plane
1307 2433 1453 2492 obscurae
1484 2443 1555 2492 sunt
1575 2431 1707 2492 Romani

372 2535 489 2615 imperii
512 2537 697 2613 temporibus
719 2555 766 2596 res
781 2535 972 2610 Lesbiorum,
995 2536 1047 2596 sed
1069 2536 1199 2595 conicias
1214 2535 1411 2595 Potamonem
1426 2535 1617 2612 Mytilenaeis
1634 2537 1706 2594 civi·

372 2638 427 2697 bus
456 2638 557 2697 nescio
586 2656 664 2715 quae
685 2639 783 2716 litigia
805 2641 1016 2700 exercentibus
1037 2646 1229 2716 aesymnetae
1249 2639 1346 2698 instar
1366 2638 1575 2697 intercessisse
1596 2657 1706 2716 resque

371 2739 549 2800 auctoritate
576 2749 607 2800 et
632 2741 790 2818 prudentia
816 2761 872 2802 sua
898 2743 927 2800 in
955 2719 1113 2819 pristinum
1142 2741 1274 2800 ordinem
1302 2739 1465 2817 redegisse.
1508 2729 1632 2817 ἕ[ν]νεκα
1655 2761 1704 2800 ne·

371 2843 503 2902 cessaria
530 2845 656 2903 mutatio
684 2854 744 2917 est;
773 2863 841 2903 nam
872 2845 1003 2903 omnium
1030 2844 1161 2903 maxime
1188 2844 1277 2902 huius
1305 2842 1384 2902 tituli
1413 2843 1559 2905 dialectos
1589 2845 1704 2902 severis

370 2945 488 3024 legibus
511 2946 656 3006 adstricta
678 2954 733 3006 est.
841 2943 848 2964 “

453 3041 559 3116 reabse.
595 3048 706 3109 Nescio
729 3067 768 3108 an
787 3050 842 3112 τιῖς
863 3050 1009 3109 articulus
1031 3067 1069 3107 ex
1092 3048 1276 3108 antecedenti
1298 3049 1416 3126 syllaba
1436 3049 1503 3105 ΕΑΣ
1524 3067 1704 3124 recuperan-

371 3151 426 3210 dus
454 3153 502 3212 sit.
545 3145 624 3223 τιμὴν
652 3151 689 3228 (i.
704 3171 730 3210 e.
753 3141 920 3235 ἀνδριάντα)
946 3147 1109 3222 ἀναστῆσαι
1134 3169 1194 3209 non
1221 3169 1291 3210 raro
1313 3151 1434 3223 dicitur3
1457 3151 1494 3209 cf.
1518 3148 1552 3210 C.
1569 3149 1594 3210 l.
1610 3149 1702 3211 2987.

371 3252 462 3314 2818.
495 3253 625 3314 Privatis
647 3254 817 3314 hominibus
840 3272 915 3330 quos
938 3263 1058 3315 senatus
1079 3256 1269 3332 populusque
1286 3255 1459 3314 decreverat
1471 3255 1612 3325 honores,
1635 3273 1702 3332 pro-

369 3355 475 3434 pinqui
507 3356 683 3434 plerumque
711 3359 919 3433 procurabant.
970 3357 1149 3418 Artemisiae
1178 3367 1277 3417 tamen
1304 3363 1418 3417 statuae
1446 3356 1603 3434 ponendae
1631 3373 1704 3414 cura

369 3458 493 3518 Aurelio
518 3459 629 3517 Proclo
656 3460 776 3537 obtigit,
810 3470 932 3520 senatus
961 3461 1092 3536 scribae,
1120 3461 1178 3520 nisi
1206 3460 1283 3520 forte
1304 3461 1382 3519 idem
1410 3459 1598 3538 propinquus
1627 3468 1702 3529 erat,

369 3561 451 3637 quod
479 3580 517 3620 ex
547 3563 697 3621 communi
723 3563 826 3640 gentili
854 3563 974 3623 nomine
1000 3563 1101 3640 colligi
1129 3565 1234 3640 possit.
1282 3561 1490 3622 Nobilioribus
1518 3561 1576 3618 hoc
1605 3560 1702 3632 datur,

369 3673 403 3722 ut
424 3663 546 3724 honoris
569 3665 710 3744 exigendi
731 3665 861 3744 officium
883 3667 1073 3742 magistratui
1094 3665 1182 3724 alicui
1205 3665 1361 3738 tribuatur,
1383 3664 1474 3723 veluti
1489 3663 1702 3741 imperatorum

375 3767 484 3826 statuis
505 3786 565 3826 non
587 3785 656 3826 raro
678 3769 824 3846 prospicit
846 3769 957 3828 archon
982 3785 1165 3845 eponymus‚
1189 3769 1239 3844 qui
1261 3769 1319 3826 hoc
1341 3767 1442 3826 oblato
1464 3766 1563 3824 officio
1584 3775 1615 3824 et
1636 3767 1701 3842 ipse

368 3878 520 3945 tamquam
542 3869 656 3928 honore
677 3869 795 3928 fruitur.
839 3870 996 3946 Exemplis
1019 3868 1214 3947 congerendis
1238 3869 1434 3948 supersedeo,
1463 3887 1522 3927 uno
1544 3875 1701 3928 contentus

369 3971 457 4029 titulo
480 3969 620 4030 Sciatheo
643 3969 693 4048 (0.
713 3972 738 4031 I.
760 3971 870 4049 2154),
897 3973 947 4032 ubi
970 3970 1115 4050 Septimio
1139 3971 1249 4033 Severo
1271 3975 1400 4032 honores
1422 3971 1622 4030 decernuntur
1643 3969 1702 4028 ἐπι-

369 4064 563 4142 μεληπαμένον
590 4067 745 4132 Ὑακίνθου
774 4067 891 4132 Πῖτπου.
925 4063 1039 4145 vsiit-Suae
1067 4065 1151 4156 ἦρξεν
1181 4065 1327 4142 ἐπωνύμου
1358 4071 1465 4158 ἀρχῆς.
1516 4071 1569 4134 Sic
1594 4093 1701 4148 nempe

368 4174 460 4233 edunt
485 4183 515 4234 et
541 4175 657 4235 adunco
686 4187 718 4236 ut
745 4177 829 4236 aiunt
854 4195 928 4236 naso
956 4178 1104 4237 sermonis
1130 4177 1296 4238 barbariem
1322 4176 1516 4254 suspendunt.
1561 4173 1701 4235 Scriben-

716 4265 820 4306 etp

367 4276 452 4334 dum:
479 4269 595 4346 Πίστιν,
616 4273 690 4336 ἄνθ’
712 4301 745 4348 ης
766 4302 850 4363 ηρςεν
873 4268 1016 4346 ἐπωνύμου
1039 4275 1144 4365 ἀρχῆς.
1188 4279 1280 4339 Vides
1301 4278 1372 4356 quid
1393 4279 1436 4337 rei
1458 4279 1506 4350 sit,
1528 4297 1583 4337 nec
1605 4275 1701 4337 Grae·

368 4398 420 4440 cos
443 4380 529 4439 tertio
552 4381 672 4440 saeculo
694 4398 799 4458 graece
820 4383 905 4458 loqui
927 4382 1061 4442 desiisse.

366 4669 455 4730 v111.
499 4670 535 4729 Iu
557 4669 725 4730 diversorio
747 4669 828 4747 quod
851 4679 958 4730 vocant
978 4673 1160 4749 paradisum.

692 4851 806 4944 Στύργη
829 4858 908 4940 [ἦν.
932 4855 1082 4940 [lepidae
1103 4855 1245 4946 γρητῂῆ]
1267 4865 1364 4948 χαῖρε.

365 5053 479 5112 Rarum
502 5065 549 5112 est
570 5053 622 5113 sed
643 5073 704 5113 non
724 5054 891 5114 inauditum
912 5045 1052 5136 θνγατύρ
1075 5055 1289 5132 appellativum
1311 5056 1414 5115 matris
1435 5056 1566 5134 patrisve
1588 5075 1697 5115 nomen

365 5155 580 5232 praemissum,
608 5157 645 5216 cf.
667 5158 712 5216 tit.
735 5157 963 5238 Philadelphiae
990 5157 1069 5238 apud
1091 5158 1190 5217 Lebas
1215 5168 1291 5235 part.
1307 5158 1355 5217 III
1378 5178 1407 5217 n.
1425 5158 1499 5218 657:
1527 5151 1697 5242 Πρειτκίλλα

365 5253 498 5332 danastri,
519 5253 657 5343 θνγατῆρ
679 5261 799 5332 Δημοῦς.
