3580 5938
379 530 425 599 92
739 541 888 601 rabenna
907 550 1065 612 Qvnnsr.
1086 550 1301 602 ononnron.
1322 554 1347 602 1.

990 654 1048 659 -——
1425 656 1646 664 ᾖ*
1656 659 1686 664 ..-

377 725 522 802 praebent
547 724 687 782 lucernae
708 724 892 783 Puteolanae
921 730 1027 781 extant
1051 742 1110 782 non
1132 726 1334 800 infrequentes
1357 726 1526 785 Rornancar's
1547 728 1693 804 inscriptae

300 864 304 874 ι
377 828 416 904 (I.
433 827 473 886 N.
490 825 581 897 6308,
597 825 651 902 ro);
676 829 729 885 scd
752 845 827 902 nego
850 846 915 885 eam
939 827 1077 885 adiectivi
1097 827 1225 885 sormam
1247 845 1377 902 unquam
1400 848 1455 904 pro
1477 831 1595 888 nomine
1613 833 1694 906 genti-

376 931 446 990 licio
474 931 568 988 fuisse
595 937 754 1005 receptam.
799 929 945 987 Videatur
971 931 1060 988 etiam
1088 947 1165 1005 quae
1188 930 1224 987 de
1247 930 1453 1007 tagatensibus
1474 930 1633 992 Henzenue
1652 935 1693 992 ad-

378 1033 494 1091 notavit
515 1033 546 1090 in
569 1033 683 1110 epham.
707 1052 732 1090 a.
750 1030 827 1090 1872
850 1051 878 1107 p.
896 1030 965 1088 217.
999 1031 1161 1107 Perperam
1185 1031 1302 1103 deinde,
1325 1033 1355 1090 ni
1377 1033 1475 1104 fallor,
1497 1034 1529 1092 in
1550 1036 1605 1092 hac
1619 1054 1694 1111 quae·

377 1137 475 1195 stione
498 1134 536 1192 ad
559 1134 638 1192 servi
660 1134 723 1192 eius
747 1133 866 1192 nomina
888 1141 1032 1208 provocat
1046 1133 1209 1206 Beckerus,
1233 1134 1283 1211 qui
1306 1152 1384 1192 anno
1399 1135 1483 1194 urbis
1499 1135 1559 1195 350
1575 1138 1693 1195 Artenae
1768 1137 1769 1162 ³

376 1237 557 1296 Volscorum
579 1235 681 1311 oppidi
704 1253 801 1294 arcem
817 1235 962 1294 Romanis
985 1236 1146 1296 tradidisse
1161 1236 1255 1294 fertur
1270 1237 1349 1313 apud
1365 1235 1483 1295 Livium
1498 1239 1528 1308 4,
1544 1237 1594 1296 61.
1626 1238 1693 1298 Nam
1768 1227 1769 1290 Ῑ

375 1341 417 1410 is,
441 1340 467 1398 si
490 1357 620 1415 unquam
643 1338 913 1415 cureperiuntur
936 1338 1031 1398 dietus
1053 1347 1098 1396 est
1124 1337 1241 1396 Seruius
1264 1339 1424 1409 Romanus,
1451 1339 1533 1414 quod
1552 1341 1694 1400 Romanos
1768 1327 1769 1336 ἵ

376 1441 555 1511 servaverim
578 1440 711 1517 pariliter
733 1447 765 1498 ut
781 1441 883 1498 Fertor
897 1441 1000 1499 Rosius
1018 1440 1068 1498 ille
1083 1460 1132 1499 res
1145 1439 1318 1516 Aequicolus
1334 1449 1363 1498 et
1377 1441 1495 1500 similia
1533 1443 1574 1500 Et
1588 1445 1694 1520 scripsit

375 1545 505 1605 tortasse
528 1545 563 1614 is,
585 1544 636 1619 qui
658 1542 796 1601 fabellam
818 1543 895 1601 hanc
917 1543 1056 1615 narrarit,
1079 1542 1195 1601 Servius
1211 1542 1383 1615 Remurium
1406 1563 1474 1603 nam
1491 1544 1607 1604 Servius
1621 1566 1693 1622 prae-

376 1656 483 1708 nomen
506 1654 559 1704 est.
593 1645 685 1704 Recte
707 1645 849 1704 statuisse
864 1645 1030 1704 Varronem
1053 1645 1191 1722 exempla
1208 1645 1315 1704 docent
1329 1645 1544 1706 Romaniorum
1560 1649 1631 1707 satis
1644 1649 1693 1708 fre·

376 1750 508 1827 quentia,
531 1767 607 1824 quae
630 1765 722 1825 supra
736 1748 891 1824 composui
907 1748 936 1805 in
952 1747 1049 1806 indico
1065 1748 1161 1820 tertio,
1183 1747 1336 1805 hominum
1352 1749 1536 1808 condicionis
1550 1750 1694 1810 libertinae

376 1853 509 1911 omnium
524 1861 554 1910 et
568 1859 656 1910 extra
670 1851 775 1908 urbem
790 1861 908 1924 reperte
922 1850 1073 1926 pleraque.
1107 1849 1247 1908 Romanii
1263 1848 1353 1926 igitur
1366 1850 1412 1908 illi
1427 1860 1480 1908 aut
1493 1851 1695 1911 descenderunt
1769 1913 1770 1932 χ

376 1957 413 2014 ab
431 1954 601 2012 hominibus
618 1953 780 2011 secundum
796 1960 943 2010 vetustam
959 1951 1204 2010 consuetudinem
1227 1952 1396 2010 nominatos
1420 1963 1471 2010 aut
1492 1954 1551 2031 ipsi
1572 1955 1615 2013 ita
1634 1955 1694 2013 dicti
1769 1933 1770 1952 l

376 2067 446 2116 sunt
460 2063 563 2116 eontra
579 2074 664 2114 usum
679 2056 875 2114 recentiorem
891 2063 1013 2131 propter
1027 2055 1158 2113 rationes
1174 2055 1262 2112 nobis
1276 2056 1404 2130 ignotas.
1427 2057 1468 2113 At
1479 2074 1555 2131 quae
1567 2057 1598 2116 in
1610 2058 1694 2116 indice

377 2159 507 2246 secundo
529 2159 616 2236 posui
640 2157 825 2234 cognominis
840 2156 969 2215 Romani
992 2157 1131 2232 exempla
1152 2156 1221 2214 item
1244 2156 1422 2232 frequentia,
1444 2176 1481 2215 ea
1495 2167 1525 2216 et
1538 2158 1605 2236 ipsa
1618 2160 1694 2218 liber·

376 2263 455 2322 tinae
477 2261 595 2337 quidem
618 2259 800 2319 condicionis
820 2259 972 2318 hominum
989 2259 1089 2318 omnia
1105 2267 1184 2330 sunt,
1208 2267 1240 2317 ut
1253 2259 1370 2335 reliqua
1384 2260 1448 2318 eius
1463 2262 1589 2338 generis,
1611 2281 1694 2338 neque

375 2385 446 2422 vcro
469 2365 505 2423 de
528 2365 643 2442 origine
665 2363 815 2420 hominnm
837 2362 957 2422 illorum
980 2362 1053 2420 certi
1075 2361 1238 2438 quidquam
1261 2362 1398 2437 probant.
1441 2363 1545 2438 ltaque
1561 2364 1693 2422 Varronis
1770 2421 1771 2436 ,

375 2467 577 2526 testimonium
605 2465 707 2542 aliqua
732 2465 846 2523 ratione
874 2464 991 2522 ridetur
1017 2464 1148 2522 indicare
1171 2463 1370 2522 Venafranios
1398 2465 1501 2543 oppidi
1523 2465 1643 2525 libertos
1662 2467 1693 2524 ab
1770 2523 1771 2546 ,

374 2573 426 2642 iis,
449 2569 501 2646 qui
519 2567 757 2626 Venafranorum
780 2567 923 2642 gerebant
944 2587 1067 2638 nomen,
1090 2567 1239 2624 diversam
1262 2568 1408 2644 originem
1430 2568 1581 2627 habuisse.
1624 2569 1694 2626 Inter
1770 2585 1771 2594 ³

375 2675 498 2732 nomina
523 2671 614 2749 igitur
641 2671 672 2728 in
694 2673 777 2727 arrius
799 2669 907 2726 indicis
930 2669 1053 2728 alterius
1076 2669 1302 2746 municipiorum
1323 2669 1423 2728 liberti
1445 2671 1606 2746 quaerendi
1626 2681 1693 2742 sunt,

375 2796 433 2834 non
455 2776 534 2833 inter
555 2793 600 2844 ea,
623 2791 698 2848 quae
721 2772 751 2828 in
773 2791 846 2829 anus
868 2771 1074 2829 terminantur.

461 2874 520 2936 Sed
547 2876 619 2952 quid
647 2876 683 2934 de
710 2875 757 2932 his
785 2873 996 2932 statuendum?
1040 2874 1119 2932 Puto
1141 2893 1177 2932 ea
1199 2875 1323 2932 eandem
1346 2875 1465 2932 omnino
1487 2875 1629 2952 originem
1649 2876 1692 2932 ha·

375 2980 478 3040 baisse
507 2989 597 3054 atque
623 2977 774 3054 gentilicia
795 2975 925 3035 Etrusca
945 2977 976 3034 in
998 2995 1068 3034 erne
1090 2995 1163 3034 carra
1184 2987 1213 3035 et
1233 2977 1263 3033 iu
1285 2981 1336 3034 lna
1356 2979 1440 3050 iana,
1462 2977 1579 3038 Umbra
1599 2987 1628 3037 et
1648 2975 1692 3037 Sa·

375 3085 448 3142 bina
468 3083 499 3140 in
521 3100 594 3139 anas
616 3097 683 3138 erras
705 3084 780 3151 inas,
803 3079 956 3157 gentilicia
977 3080 1007 3137 in
1030 3082 1094 3136 iaus
1116 3091 1146 3137 et
1167 3097 1243 3148 enas,
1265 3079 1384 3155 reliqua
1405 3097 1464 3138 non
1486 3081 1518 3137 in
1538 3084 1585 3138 iae
1605 3079 1693 3138 termi·
1771 3115 1772 3154 ,

375 3197 455 3245 nata.
494 3182 613 3242 Scilicet
635 3188 667 3238 ut
689 3199 728 3238 ex
750 3179 864 3240 Tuscia
885 3191 915 3239 et
935 3179 1061 3239 Umbria
1081 3189 1111 3238 et
1131 3189 1238 3260 postea
1260 3201 1298 3240 ex
1321 3199 1379 3240 una
1401 3198 1521 3257 quaque
1543 3182 1693 3259 provincia,

375 3290 417 3347 ita
444 3306 483 3345 ex
505 3284 593 3344 Latio
619 3284 854 3360 regionibusque
876 3284 999 3356 ricinis,
1026 3291 1114 3359 atque
1141 3303 1179 3342 ex
1203 3283 1266 3342 illis
1293 3284 1387 3342 multo
1409 3285 1498 3342 etiam
1520 3284 1693 3362 frequentius

375 3399 405 3448 et
424 3388 494 3447 inde
516 3388 554 3445 ab
576 3387 785 3462 antiquissimo
808 3395 950 3462 tempore,
973 3387 1110 3444 homines
1132 3387 1291 3464 peregrini,
1314 3387 1515 3468 negotiatores
1537 3397 1567 3446 et
1581 3388 1693 3465 opifices

374 3491 578 3569 potissimum,
604 3489 732 3548 Romam
754 3489 956 3564 migraverunt
977 3507 1014 3546 ex
1039 3487 1164 3564 singulis
1187 3488 1306 3565 oppidis
1328 3499 1379 3546 aut
1401 3489 1512 3566 singuli
1536 3500 1586 3548 aut
1605 3489 1692 3568 pauci,

268 3671 275 3678 .
374 3595 455 3670 iique
481 3612 542 3650 non
567 3592 759 3667 patriciorum
782 3592 921 3662 clientes,
947 3589 1048 3666 ibique
1072 3590 1171 3648 sedem
1194 3590 1332 3649 fixerunt.
1376 3589 1417 3648 Hi
1440 3611 1458 3649 a
1479 3591 1621 3651 Romanis
1641 3593 1693 3670 pri-

375 3717 455 3755 mum
482 3695 610 3752 breviter
638 3695 709 3752 dicti
736 3702 805 3752 sunt
832 3701 883 3750 aut
909 3709 941 3749 sc
966 3693 1049 3769 ipsos
1072 3691 1212 3749 dixerunt
1234 3711 1252 3750 a
1273 3691 1370 3770 patria
1391 3691 1551 3768 Metanira
1574 3695 1693 3770 Afilanta

375 3809 405 3858 et
427 3799 470 3858 sic
493 3799 648 3874 deinceps3
670 3797 701 3854 id
723 3796 802 3872 quod
825 3816 857 3855 re
879 3815 950 3854 vera
971 3781 1124 3852 indicabat
1146 3814 1212 3852 cum
1230 3797 1280 3871 qui
1296 3815 1334 3853 ex
1350 3795 1459 3854 Aetola
1473 3796 1590 3854 Afilave
1605 3797 1693 3854 oriun-

375 3902 431 3960 dus
454 3909 527 3958 erat.
563 3900 609 3956 lta
630 3897 692 3957 iere
712 3899 791 3956 inter
812 3905 961 3956 nostrates
985 3897 1028 3973 (et
1050 3897 1158 3973 ubique
1174 3898 1304 3974 gentium
1327 3897 1414 3974 puto)
1436 3897 1559 3974 opifices
1573 3900 1692 3958 iuniores

376 4024 394 4062 a
410 4005 506 4079 patria
520 4003 644 4060 invicem
661 4018 727 4060 sese
743 4001 895 4077 appellare
911 4000 1047 4058 audimus
1068 4000 1133 4076 (der
1148 3999 1345 4076 Straubr'nper,
1360 4004 1411 4060 der
1428 4001 1692 4074 lineamentum

374 4115 463 4182 atque
490 4103 627 4163 similiter
648 4103 778 4162 Iudaeos
800 4103 988 4180 potissimum
1011 4103 1161 4174 heminae,
1189 4113 1223 4160 ut
1243 4101 1421 4162 Christianis
1444 4119 1511 4160 sese
1533 4103 1694 4180 aequipera-

375 4217 450 4279 rent,
473 4214 525 4265 aut
545 4206 611 4283 lege
633 4215 752 4264 coactos
775 4211 826 4262 aut
845 4215 951 4279 sponte
966 4206 1003 4263 ab
1019 4206 1148 4282 oppidis,
1170 4223 1209 4263 ex
1225 4205 1332 4281 quibus
1348 4205 1465 4264 oriundi
1482 4213 1562 4279 sunt,
1585 4205 1694 4264 nomina

375 4310 510 4368 videmus
527 4309 584 4367 sibi
599 4326 715 4367 sumere
738 4307 785 4383 (ut
800 4307 986 4382 Bamberper,
1007 4307 1211 4378 Wareelaucr,
1231 4307 1342 4366 similia
1355 4308 1536 4384 innumera).
1573 4307 1692 4367 Nomen·

192 4416 196 4428 '
297 4454 302 4467 „
375 4414 491 4472 elatura
517 4412 591 4469 haec
612 4411 698 4487 quasi
726 4417 794 4469 ante
822 4410 926 4468 oculos
949 4409 1035 4468 nobis
1058 4411 1150 4486 ponit,
1172 4429 1259 4486 quem
1283 4409 1464 4469 admodum
1486 4410 1570 4487 plebs
1592 4411 1693 4469 urbana

374 4533 484 4593 magne
510 4533 548 4572 ex
575 4523 660 4591 parte
687 4513 814 4571 conflata
841 4532 879 4571 ex
905 4512 970 4570 eius
995 4513 1114 4590 generis
1136 4512 1306 4570 hominibus
1327 4521 1417 4590 atque
1438 4513 1528 4570 etiam
1556 4531 1594 4571 ex
1619 4511 1693 4588 oppi-

375 4618 481 4676 dorum
504 4616 670 4674 dirutorum
691 4616 840 4691 quondam
863 4615 968 4673 incolis
991 4615 1103 4673 sensim
1125 4624 1287 4673 consecuta
1302 4622 1349 4673 est
1363 4615 1429 4674 iura
1444 4615 1582 4674 civitatis.
1618 4613 1692 4688 Quae

375 4721 454 4778 enim
475 4719 591 4797 patriae
613 4727 726 4776 tantum
749 4717 945 4777 indicationes
968 4716 1255 4792 erant'singulorum
1271 4717 1424 4776 hominum
1439 4718 1469 4775 in
1486 4729 1621 4794 posteros
1635 4735 1692 4794 pro·

375 4829 502 4901 pagatae
524 4820 654 4898 speciem
677 4819 828 4878 nominum
850 4819 1070 4895 gentiliciorum
1093 4818 1337 4894 adsumpserunt;
1359 4819 1412 4878 sed
1436 4821 1565 4896 speciem
1580 4827 1691 4884 tanturn,

377 4944 435 4983 non
457 4925 568 4981 iustam
589 4923 714 4980 formam
737 4923 768 4980 in
789 4927 834 4980 iac
850 4923 1043 4993 desinentem,
1065 4921 1146 4996 quali
1166 4923 1334 4998 gaudebant
1351 4922 1403 4998 qui
1419 4922 1485 4980 iure
1499 4921 1690 4982 manumissio·

376 5027 424 5086 nis
447 5025 614 5084 libertatem
636 5033 666 5083 et
686 5025 837 5084 civitatem
860 5023 957 5099 adepti
979 5032 1073 5082 erant.

1368 5128 1450 5186 Asu.
1474 5127 1616 5188 Hdnnnn.

837 5293 1242 5306 u——un—-u———u—-n
