3532 5938
354 525 427 597 282
914 543 1119 597 wmunnns

393 719 553 798 requisitos
579 739 597 778 a
618 718 759 780 Cicerone
788 717 839 794 (ad
861 722 924 777 Att
948 737 994 795 ep.
1019 717 1072 791 13,
1096 719 1148 792 33,
1172 718 1225 794 3),
1251 718 1323 778 item
1350 737 1417 778 cnm
1443 717 1667 796 praescriptione

393 833 516 884 senatus
544 821 674 881 consulti
700 821 780 900 apud
795 821 964 898 ·Iosephum
991 821 1268 895 ant.14,10,10,
1296 840 1374 899 quae
1401 828 1448 880 est
1466 821 1552 880 haec:
1580 809 1667 895 δόγμα

395 920 562 1002 συγκλήτου
595 913 851 1008 ἇντιῳεῳῳαμμίνον
885 921 916 981 ἐκ
942 924 996 980 τῶν
1025 911 1128 981 δὲλτων
1160 925 1215 982 τῶν
1245 915 1383 993 δημοσίων
1411 924 1468 982 τῶν
1495 923 1667 991 consecracio

393 1019 497 1102 Κοίντῳ
517 1018 660 1103 Ῥουτιλίῳ
754 1017 893 1109 Κορνηλίῳ
915 1017 1028 1093 ταμιάις
1048 1019 1125 1082 umet
1147 1013 1228 1082 πίλιν
1251 1015 1338 1101 δὲλτῳ
1361 1017 1478 1108 δευτέρᾳ
1498 1015 1547 1082 nori
1569 1022 1599 1082 ἔκ
1617 1024 1667 1081 ταῖν

393 1119 518 1212 πρώτων,
540 1129 692 1206 alteraque
715 1128 805 1188 simili
819 1133 942 1188 senatus
957 1127 1087 1187 consulti
1102 1127 1388 1205 Aphrodisiadensis
1411 1126 1526 1204 (Lebas
1541 1137 1572 1186 11
1585 1125 1666 1185 Wad·

394 1231 519 1308 dington
540 1229 697 1308 n.1627):
725 1220 769 1288 ἐπί
796 1270 970 1290 .........
983 1252 1015 1287 ov
1042 1222 1160 1287 Λευκίου
1187 1229 1252 1287 violi
1276 1220 1392 1290 ὑπάτων
1418 1228 1450 1288 ἐκ
1475 1230 1530 1286 τῶν
1557 1223 1667 1304 ἆν[αγε-

390 1323 595 1418 γραμμένωνῐ)
626 1325 775 1409 κεφαλαίῳ
804 1375 894 1392 .....
906 1322 1035 1408 π]ε’μπτῳ
1062 1320 1132 1408 ἕκτῳ
1157 1321 1273 1408 ἑβδίμῳ
1296 1321 1392 1409 ὄῳδίῳ
1413 1321 1501 1407 ἔνείτῳ
1522 1331 1667 1407 educturi·

390 1438 446 1494 κῶν
473 1426 577 1493 δέλτων
599 1477 712 1495 ......
734 1435 854 1511 rorifluis
875 1427 951 1492 acroi
973 1424 1055 1492 πίλῳ
1077 1423 1164 1511 δέλτῳ
1189 1425 1292 1517 πρώτῃ.
1335 1433 1423 1508 Quod
1451 1434 1521 1493 olim
1548 1435 1581 1492 in
1605 1452 1666 1491 ann.
1752 1463 1753 1470 ¹

390 1539 460 1597 inst.
486 1537 565 1597 1858
587 1557 617 1616 p.
636 1536 693 1596 192
721 1537 769 1596 his
795 1537 870 1596 locis
893 1536 993 1596 allatis
1021 1535 1224 1595 demonstravi
1246 1536 1372 1615 singulis
1393 1537 1481 1596 annis
1502 1543 1668 1612 quaestores

390 1642 521 1701 urbanos
545 1640 682 1698 volumen
709 1638 956 1698 conscribendum
983 1639 1137 1698 curavisse
1163 1647 1284 1698 senatus
1314 1639 1518 1726 consultorum
1542 1657 1579 1696 eo
1600 1654 1668 1696 anno

390 1742 552 1813 factorum,
580 1742 611 1801 id
637 1743 726 1801 etiarn
752 1743 806 1801 sub
829 1741 1058 1817 imperatoribus
1079 1742 1111 1799 in
1133 1759 1191 1800 usu
1213 1743 1362 1801 mansisse
1383 1742 1443 1800 iam
1465 1739 1667 1818 intellegimus.
1753 1755 1754 1774 ¹

391 1844 570 1922 Explicatur
591 1846 648 1917 ita,
675 1844 753 1922 quod
780 1843 935 1903 consulum
957 1844 1078 1903 nomina
1098 1863 1159 1903 uon
1181 1839 1267 1904 sexto
1288 1862 1361 1903 casu
1383 1844 1495 1922 scripta
1515 1851 1603 1915 sunt,
1623 1840 1670 1900 sed

392 1948 539 2021 secund03
561 1947 638 2007 liber
659 1948 747 2018 eninr,
769 1945 848 2005 unde
870 1947 927 2005 hoc
948 1945 1098 2006 decretum
1120 1946 1327 2024 depromptum
1349 1957 1404 2017 est,
1426 1945 1575 2006 continuit
1595 1962 1669 2003 sena-

391 2059 440 2110 tus
469 2058 536 2109 acta
563 2051 628 2110 eius
656 2049 727 2109 anni
753 2049 854 2108 omnio
881 2057 943 2107 tam
970 2069 989 2108 a
1010 2048 1184 2108 consulibus
1205 2049 1365 2109 ordinariis
1386 2049 1466 2108 iacta
1487 2067 1580 2125 quam
1599 2047 1671 2105 laeti
1754 2051 1755 2088 l

279 2149 282 2158 “
391 2173 410 2212 1
439 2153 581 2212 suffectis.
605 2185 643 2195 -
671 2152 738 2211 Hoc
763 2152 870 2210 mirum
898 2159 943 2211 est
969 2159 999 2210 et
1026 2169 1136 2210 novum
1161 2151 1272 2211 librum
1297 2152 1356 2211 dici
1377 2170 1435 2209 non
1458 2159 1584 2210 senatus
1609 2167 1669 2208 cou-

389 2255 552 2328 sultorum,
586 2255 638 2312 sed
671 2255 884 2313 sententiarum
916 2255 947 2313 in
981 2261 1086 2313 senatu
1116 2253 1278 2325 dictarum;
1309 2254 1361 2331 qui
1390 2271 1455 2312 cum
1483 2251 1671 2329 comprehen·

390 2357 466 2416 derit
487 2375 612 2416 necesse
635 2357 675 2416 sit
696 2363 764 2414 acta
785 2365 906 2415 senatus
928 2375 1005 2433 quoe
1027 2357 1145 2433 quidem
1166 2357 1285 2434 publice
1299 2356 1556 2434 perscriberentur
1569 2355 1670 2422 omnia,
1755 2337 1756 2408 ἶ

390 2460 479 2535 plena
500 2459 654 2537 inscriptio
676 2459 732 2517 fuit
752 2459 859 2535 opinor
881 2459 1094 2518 sententiarum
1115 2460 1146 2518 in
1170 2468 1275 2518 senatu
1297 2460 1440 2518 dictarum
1459 2459 1671 2518 consultorum·

388 2581 446 2638 que
473 2562 511 2621 ab
540 2579 575 2620 eo
602 2561 762 2634 factorum,
789 2561 874 2621 cuius
896 2561 1003 2620 indicis
1026 2562 1091 2620 sola
1112 2562 1210 2639 primo
1231 2562 1322 2628 verba
1343 2561 1547 2639 descriptores
1570 2577 1669 2637 posue-

387 2670 466 2722 runt.
484 2698 522 2708 —
549 2663 688 2739 Denique
710 2682 777 2722 cum
799 2671 878 2722 recte
899 2664 1054 2740 agnoverit
1075 2663 1292 2723 Wilmannsius
1313 2665 1421 2741 capitis
1443 2672 1563 2734 notam,
1589 2680 1670 2739 aegro
1756 2677 1757 2748 1

388 2765 574 2825 desideratur
595 2766 697 2825 tabula
717 2767 873 2844 paginare,
896 2783 986 2842 qoam
1007 2774 1125 2842 praeter
1145 2775 1235 2842 caput
1255 2766 1287 2824 in
1305 2766 1454 2825 volumine
1476 2765 1599 2825 citando
1617 2762 1671 2821 sol-

387 2869 514 2927 lemnem
536 2869 629 2927 luisse
651 2869 724 2927 alibi
745 2869 946 2928 demonstravi
968 2868 1084 2945 (Herm.
1100 2868 1191 2928 voli
1207 2888 1235 2945 p.
1251 2867 1333 2944 116).
1368 2866 1465 2942 Quam
1487 2868 1526 2926 ob
1544 2887 1607 2926 rem
1625 2873 1670 2924 cut

386 2971 417 3058 in
442 2970 543 3048 lapide
569 2969 626 3028 fuit
653 2971 768 3029 adhoc
790 2972 959 3049 exemplum
982 2986 1117 3030 x·v·r·t
1140 2981 1193 3030 ont
1213 2972 1341 3050 paginae
1363 2971 1507 3030 indicatio
1529 2969 1669 3029 collocata
1757 3041 1758 3060 ῳ

388 3073 446 3132 luit
467 3074 533 3132 loco
555 3092 658 3149 parum
682 3081 752 3151 apto
773 3081 844 3150 post
865 3073 973 3150 t(nsrc)
996 3073 1162 3150 scapum)
1185 3083 1235 3132 est.
1757 3063 1758 3088 l

344 3174 396 3234 Ad
417 3196 444 3234 v.
462 3177 490 3236 5.
534 3175 623 3251 Quod
646 3175 716 3235 olim
738 3177 841 3235 monui
862 3174 951 3252 (c.1.
966 3175 1003 3234 L.
1022 3178 1037 3234 1
1053 3196 1083 3254 p.
1098 3177 1171 3254 113)
1194 3187 1316 3235 senatus
1338 3176 1476 3235 consulta
1497 3175 1551 3236 ubi
1573 3175 1668 3235 dicun·

386 3287 434 3337 tur
459 3277 540 3337 facta
566 3296 634 3337 esse
658 3283 688 3336 to
710 3282 835 3352 comitio,
862 3278 904 3336 ibi
929 3278 1063 3354 intellegi
1089 3279 1203 3338 curiam
1224 3279 1386 3338 Hostiliam
1408 3279 1531 3353 inipso
1555 3277 1668 3337 comitio

388 3381 531 3456 positam,
560 3380 616 3440 hac
642 3380 823 3439 indicatione
851 3384 881 3440 in
909 3385 1018 3441 comitio
1043 3385 1074 3439 in
1100 3384 1183 3440 curia
1210 3381 1308 3440 denuo
1335 3381 1541 3440 confirmatur.
1585 3377 1670 3439 Curia

386 3493 483 3542 antem
509 3483 691 3559 intellegitur
716 3483 807 3556 Iulia,
835 3502 925 3559 quam
951 3487 981 3541 in
1009 3483 1129 3542 comitio
1151 3483 1200 3541 vel
1225 3483 1264 3541 ad
1291 3485 1444 3543 comitium
1464 3482 1562 3542 luisse
1582 3490 1669 3540 testes

388 3593 458 3644 sunt
484 3585 601 3645 Plinius
622 3585 676 3658 35,
697 3587 730 3658 4,
752 3584 788 3644 27
812 3594 842 3644 et
864 3585 924 3644 Dio
944 3586 998 3657 45,
1021 3587 1072 3656 173
1098 3605 1166 3644 narn
1189 3605 1254 3645 eam
1276 3604 1458 3662 quamquam
1480 3585 1669 3644 Domitianus

385 3688 502 3760 refecit,
530 3687 627 3746 locum
654 3707 714 3747 nou
741 3689 902 3746 mutavisse
928 3687 1016 3746 hodie
1041 3706 1144 3747 omncs
1171 3688 1369 3748 consentiunt
1412 3689 1486 3748 Fuit
1512 3698 1613 3746 autem
1634 3685 1668 3743 ad

387 3809 488 3848 arcum
516 3787 629 3850 Severi.
682 3788 843 3849 Comitium
875 3791 967 3867 igitur
995 3809 1030 3849 eo
1058 3791 1125 3868 ipso
1152 3791 1220 3850 loco
1247 3791 1452 3868 quaerendum
1481 3808 1551 3849 esse
1579 3791 1669 3849 denno

386 3893 443 3950 hoc
468 3893 598 3970 optimae
626 3892 812 3950 auctoritatis
840 3892 1017 3952 documento
1043 3893 1206 3966 stabilitur3
1234 3912 1331 3970 neque
1357 3893 1516 3970 displicere
1545 3893 1605 3950 sibi
1630 3889 1668 3947 rei

385 3995 523 4072 quamvis
552 4003 640 4053 notae
668 4003 697 4051 et
724 3993 900 4053 diiudicatae
929 3996 1197 4069 confirmationem,
1225 3997 1337 4073 quippe
1365 4013 1443 4072 quae
1468 4003 1542 4071 apta
1570 3995 1610 4053 sit
1634 3991 1669 4050 ad

383 4098 482 4156 tricas
502 4095 668 4156 comitiales
697 4116 715 4154 a
743 4097 844 4155 nescio
874 4097 980 4175 quibus
1008 4097 1204 4176 topographis
1231 4116 1327 4175 nuper
1358 4099 1455 4156 denuo
1485 4098 1669 4174 excogitatas

383 4199 567 4271 refutandas,
589 4199 708 4274 scripsit
729 4199 767 4257 ad
788 4219 835 4260 me
856 4217 942 4276 quem
966 4200 1003 4259 de
1024 4201 1168 4260 hocloco
1189 4201 1326 4261 consului
1347 4201 1452 4259 harum
1471 4219 1575 4259 rerum
1596 4199 1668 4275 peri·

385 4302 520 4360 tissimus
541 4302 698 4361 Iordanus.
719 4335 757 4345 -
786 4301 861 4362 Cum
889 4304 920 4360 in
948 4312 1068 4362 senatus
1090 4304 1230 4363 consulto
1252 4302 1464 4379 perscribendo
1486 4319 1601 4372 annus,
1628 4307 1669 4357 ut-

383 4415 453 4481 pote
474 4405 526 4480 qui
548 4423 585 4463 ex
608 4405 835 4480 magistratuum
858 4405 1029 4464 nominibus
1051 4405 1129 4464 111111
1151 4406 1262 4481 possit,
1283 4424 1343 4464 non
1364 4423 1433 4463 raro
1455 4413 1666 4482 praetereatur,

383 4506 448 4566 dies
476 4515 588 4578 autem,
615 4525 675 4582 quo
704 4514 826 4566 senatus
853 4507 1037 4579 convenerit,
1066 4527 1125 4566 non
1152 4508 1247 4584 magis
1276 4507 1431 4566 omittatur
1457 4526 1548 4583 quam
1577 4506 1667 4575 locus,

384 4610 461 4667 diem
489 4629 526 4668 ne
548 4610 585 4667 ab
608 4609 665 4667 hoc
687 4609 805 4685 quidem
832 4609 1030 4668 instrumento
1056 4611 1169 4670 aluisse
1194 4611 1349 4682 existimo,
1377 4611 1431 4668 sed
1457 4609 1603 4687 temporis
1627 4609 1666 4664 in·

383 4712 460 4771 iuria
480 4712 616 4788 periisse.
649 4709 728 4770 Nam
751 4711 906 4772 elementis
929 4712 1122 4772 dinumeratis
1144 4714 1221 4772 inter
1241 4713 1332 4773 verba
1352 4714 1383 4770 in
1404 4715 1513 4772 11111111
1535 4716 1568 4772 ia
1589 4712 1666 4772 curio

418 5129 442 5194 ι)
470 5130 536 5185 Com
556 5147 642 5184 versus
661 5135 735 5186 finiat
753 5135 779 5186 iu
800 5126 837 5199 civ,
856 5136 983 5187 restitutio
1003 5151 1093 5202 perum
1112 5137 1245 5188 satisfacit.
