3580 5938
383 549 428 618 10
974 568 1113 618 aarum
1201 543 1202 549 ’
1270 601 1271 611 ,

787 669 937 678 -—-—-

378 739 641 799 FRVCTIERAE
658 739 738 818 (sic),
760 741 840 818 quod
855 739 957 800 Conze
980 742 1031 818 qui
1046 742 1140 802 edidit
1160 742 1180 800 l.
1197 761 1221 800 s.
1238 759 1262 800 s.
1286 741 1346 799 tab.
1362 740 1441 799 XIII
1460 741 1497 800 19
1520 741 1610 801 nimis
1623 750 1709 800 caute

378 841 416 900 ad
438 840 578 902 Cererem
605 863 642 900 an
669 843 707 901 ad
730 842 841 901 Isidem
868 844 979 903 referat
1004 845 1120 917 haeret;
1147 845 1207 903 Isis
1234 845 1311 902 enim
1334 843 1415 920 apud
1436 843 1517 902 solos
1539 843 1707 921 Aegyptios

378 945 458 1020 quod
474 946 567 1004 sciam
582 935 760 1029 καρποψέρος
774 945 990 1023 appellabatur.
1005 981 1043 990 -
1060 947 1184 1005 Boeckh
1199 946 1256 1004 hoc
1269 935 1450 1030 καρποφόρος
1463 965 1571 1005 nomen
1581 953 1709 1024 propter

378 1049 508 1106 nobilem
534 1047 905 1126 mulierisl'ecunditatem
926 1049 1114 1126 Agrippinae
1136 1049 1266 1107 delatum
1290 1066 1357 1107 esse
1378 1049 1541 1123 existimat.
1584 1049 1709 1108 MInime

375 1167 456 1208 vero.
500 1139 686 1232 Καρποφόροε
712 1169 772 1208 non
794 1169 829 1207 ea
851 1168 957 1228 graece
979 1152 1096 1220 dicitur,
1123 1170 1200 1227 quae
1228 1151 1351 1222 fertilis,
1381 1151 1433 1210 sed
1456 1169 1534 1226 quae
1555 1151 1709 1209 fructifera

375 1252 520 1311 RomanIs
543 1229 597 1311 est.
635 1251 803 1312 Fructifcra
825 1261 923 1312 autem
945 1253 1003 1311 dea
1023 1261 1079 1324 est,
1102 1273 1179 1330 quae
1200 1254 1351 1313 fructuum
1372 1261 1548 1330 proventum
1572 1263 1658 1312 curat
1679 1265 1709 1312 et

378 1354 481 1427 efficit,
511 1356 576 1413 siue
599 1353 690 1414 Ocres
720 1357 784 1414 siue
807 1355 903 1414 Terra
930 1357 995 1414 dea.
1039 1346 1226 1440 Kuprorpu'pos
1255 1365 1379 1415 vocatur
1406 1357 1485 1414 Iulia
1509 1357 1650 1434 Augusta
1677 1356 1707 1414 in

375 1475 496 1514 nummo
525 1457 651 1516 dextera
676 1467 736 1516 tres
763 1459 862 1534 spicas
885 1467 988 1518 tenens
1011 1458 1106 1534 (Anu.
1128 1458 1203 1518 Inst.
1229 1457 1460 1536 lampeon).
1504 1455 1709 1534 Atquifnihil

374 1557 535 1617 liberorum
557 1555 637 1618 tulit'
660 1580 698 1618 ex
719 1579 756 1618 ea
776 1562 942 1638 Augustus,
966 1559 1047 1620 Suet.
1063 1562 1143 1638 Aug.
1166 1581 1191 1619 c.
1209 1561 1258 1620 63.
1275 1595 1313 1604 -
1335 1561 1457 1620 Erravit
1478 1561 1567 1620 etiam
1591 1561 1709 1620 Eckhel

375 1659 497 1719 v1214
525 1679 632 1720 nomen
656 1655 751 1724 Aiolr'c
777 1663 845 1721 iude
865 1656 1036 1740 explicans,
1063 1664 1144 1740 quod
1170 1671 1201 1722 et
1222 1662 1433 1723 Germanicum
1459 1673 1489 1722 et
1508 1663 1707 1741 Agrippinam

373 1761 479 1822 Lesbii
505 1764 625 1822 civitate
647 1763 818 1825 donassent.
862 1757 957 1826 Αἰολὶς
976 1758 1145 1850 Ἀγριππίνα
1167 1775 1247 1825 esset
1268 1784 1341 1824 sane
1363 1766 1490 1824 Aeolica
1511 1766 1631 1826 civitate
1654 1767 1707 1824 do·

374 1875 447 1924 nata
468 1866 638 1942 Agrippina
659 1867 707 1926 vel
729 1878 835 1943 posset
856 1886 937 1940 esse,
960 1870 1014 1927 sed
1035 1863 1096 1925 8εᾶ
1118 1858 1212 1926 Αἰολὶς
1228 1859 1402 1952 'Appuleia
1423 1869 1479 1926 dea
1500 1879 1548 1928 est
1568 1888 1647 1944 quae
1669 1870 1707 1927 ad

374 1985 491 2027 ornnem
514 1969 654 2027 Aeoliam
676 1971 861 2046 provinciam
883 1972 1039 2048 pertineat.
1076 1971 1146 2030 Non
1167 1971 1285 2048 quidem
1311 1971 1435 2030 Aeoliae
1458 1981 1548 2047 caput
1563 1971 1708 2048 Mytilene

374 2077 433 2139 est,
462 2069 515 2129 sed
536 2069 631 2130 Lesbi
654 2073 868 2131 tantummodo.
912 2072 1026 2132 Verum
1047 2074 1172 2149 cogitari
1193 2082 1306 2150 potest,
1330 2082 1445 2132 cetenis
1466 2073 1602 2146 Lesbiis,
1625 2074 1707 2150 apud

373 2188 450 2245 quos
472 2173 710 2231 commorabatur
725 2175 903 2250 Agrippina,
926 2176 1126 2248 mandavisse,
1149 2182 1182 2233 ut
1203 2176 1262 2252 ipsi
1283 2194 1338 2252 pro
1361 2176 1499 2235 omnibus
1517 2176 1581 2236 eius
1596 2195 1706 2236 nomen

374 2274 578 2333 communibus
601 2277 695 2336 sacris]
717 2277 868 2336 adderent.

374 2549 412 2609 V.
454 2550 489 2608 Iu
505 2571 672 2611 marmorea
686 2555 788 2613 tabula
802 2554 912 2613 ibidem
936 2555 969 2632 (i.
983 2573 1008 2612 e.
1024 2555 1181 2632 Mytilene)
1202 2555 1273 2614 Pon.
1307 2555 1391 2614 Haec
1406 2557 1546 2614 marmori
1559 2556 1706 2632 inscripta

415 2662 487 2712 suut
508 2655 632 2715 mitileui
655 2658 691 2714 de
714 2656 870 2716 Alcibiade
891 2657 957 2716 Pal.

638 2827 673 2888 Ὁ
695 2821 791 2888 πάντα
813 2825 905 2908 cortada
926 2821 974 2889 ani
995 2835 1109 2900 ponem
1131 2820 1188 2910 ἔχ’
1210 2819 1352 2914 ἇρισ[τ]ος

678 2923 869 3004 Ἀλκιβωῖὃης
889 2924 1045 3005 Βυζάντιος
1066 2925 1176 2994 ἐνθάδε
1198 2935 1300 3000 κεῖμαι,
1319 2941 1324 2958 '

675 3025 818 3106 ‘Elaious
840 3025 954 3093 πάντων
975 3027 1046 3121 ὅρνις
1068 3027 1249 3098 cinado'rnroc·

679 3133 865 3207 onnridunvr]
889 3129 918 3194 M
940 3161 984 3206 μοι
1006 3128 1038 3210 ἦν
1059 3129 1259 3220 παράκοιτ[ι]ς,

625 3259 637 3298 ⁵
678 3227 737 3316 is[c]
759 3239 790 3297 ἐκ
813 3235 949 3297 δαπανῶν
970 3232 1079 3306 triaiios
1099 3233 1164 3318 ἔχει
1188 3241 1233 3317 [με
1255 3231 1373 3316 aspro}

678 3331 783 3418 Λέσβῳ
806 3332 844 3400 s'ui
866 3333 969 3426 χιιῖρω·
991 3338 1007 3415 ἦ
1030 3339 1058 3400 d'
1073 3333 1395 3420 sddnriawerrrlui[vr,]

679 3445 762 3513 σῶμα
783 3437 968 3514 μετωκῖσατο.

372 3619 406 3680 C.
433 3620 457 3679 I.
480 3619 570 3679 2211.
593 3655 630 3664 —
664 3618 791 3680 Sordide
819 3623 936 3680 consuti
964 3622 1054 3699 pauni
1083 3623 1198 3682 metrici
1227 3643 1266 3680 ex
1292 3623 1458 3702 antiquiore
1488 3625 1625 3702 exemplo
1652 3628 1704 3686 de-

370 3724 501 3801 prompti
528 3733 612 3796 sunt,
640 3724 722 3782 cuius
748 3724 829 3782 haud
851 3723 1002 3803 vulgarem
1030 3724 1126 3784 luisse
1155 3725 1319 3784 orationem
1347 3745 1386 3785 ex
1408 3728 1499 3787 verbo
1525 3723 1703 3804 μετῳκῖτατο

370 3824 507 3902 colligas.
550 3825 663 3885 Mortui
686 3827 850 3903 uxorisque
871 3833 901 3886 et
922 3829 1037 3905 patriae
1059 3827 1180 3886 uomina
1200 3828 1232 3886 iu
1253 3847 1345 3887 causa
1366 3829 1495 3900 fuerunt,
1521 3839 1553 3889 ut
1573 3832 1705 3906 pristina

370 3927 520 4006 elegantia
540 3929 659 4006 periret.

454 4029 492 4089 V.
510 4033 524 4088 1
550 4049 622 4090 care
643 4042 731 4109 putes
753 4027 845 4114 ἔξοχ’
867 4020 981 4116 ἄριστος
1002 4033 1083 4092 refici
1105 4050 1206 4110 posse.
1247 4031 1336 4092 Dixit
1357 4034 1435 4093 enim
1457 4033 1609 4095 Homerus
1631 4034 1703 4096 ὄνει-

368 4123 492 4216 ρυπᾶλων
514 4120 571 4212 ἔχ’
593 4121 717 4218 ἄριστος,
739 4153 834 4210 neque
856 4135 946 4193 huius
968 4135 1086 4211 generis
1109 4135 1257 4194 formulae
1277 4138 1407 4212 perverti
1430 4137 1535 4197 solent.
1575 4143 1704 4198 Μουσῶν

369 4254 534 4314 cognomen
566 4236 596 4293 iu
629 4235 798 4295 AlcibiadIs
831 4237 946 4295 familia
978 4237 1121 4295 usitatum
1156 4237 1252 4297 luisse
1285 4239 1376 4296 sumit
1402 4239 1557 4312 Welcker3
1590 4243 1702 4303 melius

369 4356 440 4395 uero
462 4337 585 4396 Boeckb
608 4340 697 4397 vertit
718 4328 860 4414 ‘optimus
883 4333 990 4413 poesi’.
1033 4339 1070 4397 In
1093 4340 1189 4415 primo
1212 4340 1290 4397 enim
1314 4359 1403 4398 versu
1427 4342 1594 4402 Alcibiadis
1618 4345 1704 4421 inge·

368 4440 450 4499 nium
471 4441 620 4512 laudatur,
642 4442 693 4517 qui
716 4459 781 4498 curn
803 4442 835 4498 iu
857 4439 924 4498 aliis
948 4441 1087 4499 omnibus
1110 4441 1231 4516 sapiens
1255 4451 1315 4500 tum
1338 4443 1466 4502 eximius
1489 4453 1579 4519 poeta
1598 4446 1701 4506 fuerit.

370 4540 536 4601 Genetirus
562 4562 620 4601 non
647 4543 768 4602 nimium
791 4543 903 4618 placet,
933 4551 964 4601 at
985 4563 1040 4602 nec
1061 4544 1186 4620 reIIqua.
1231 4541 1385 4604 Sententia
1406 4545 1514 4604 slmilis
1537 4546 1567 4605 in
1589 4567 1636 4624 ep.
1661 4553 1702 4608 A.

368 4644 433 4702 Pal.
450 4643 522 4715 VII,
539 4645 613 4704 355:
637 4633 669 4714 ἦν
690 4639 720 4701 δ’
743 4637 812 4727 ὠινῆρ
833 4639 1047 4711 penestrinensi
1070 4641 1153 4728 μερίς.
1188 4646 1287 4706 Etiam
1307 4647 1485 4724 Pomponiis
1500 4649 1607 4708 Musae
1629 4670 1702 4730 cog·

368 4765 477 4805 nomen
504 4746 679 4804 demendum
702 4746 847 4818 arbitror,
875 4746 955 4822 quod
978 4747 1144 4806 Mommsen
1167 4750 1210 4807 eis
1232 4749 1341 4808 indidit
1362 4749 1387 4808 I.
1403 4751 1439 4809 R.
1456 4749 1494 4809 N.
1515 4751 1595 4810 3329
1618 4753 1702 4812 hisce

368 4849 468 4908 verbis
490 4848 593 4919 nisus,
619 4867 696 4925 quae
718 4848 887 4924 subscripta
909 4859 992 4908 sunt:
1022 4845 1079 4908 ‘sei
1100 4851 1165 4909 fieri
1186 4852 1348 4928 potuisset,
1371 4862 1521 4912 aeternam
1543 4854 1702 4914 incolumi-

301 4981 303 4984 ·
367 4957 459 5009 tatem
485 4951 593 5009 Musae
619 4947 805 5009 donassent'.
853 4951 948 5010 Immo
976 4952 1071 5010 musis
1100 4953 1229 5012 amicum
1258 4953 1458 5031 Pomponium
1484 4955 1701 5016 Petronianum

368 5052 393 5110 si
423 5053 606 5129 potuissent,
634 5053 814 5112 incolumem
840 5052 982 5111 fecissent
1007 5055 1127 5128 Musae,
1154 5075 1231 5132 quae
1259 5057 1403 5116 orationis
1429 5057 1527 5116 forma
1552 5077 1591 5116 ex
1619 5057 1701 5118 Nae·

367 5155 448 5214 viani
470 5155 550 5230 quod
570 5155 664 5214 fertur
685 5155 830 5232 epitaphii
851 5155 1046 5215 similitudine
1067 5167 1238 5234 comparata
1260 5169 1319 5218 est:
1340 5155 1537 5220 ‘lmrnortales
1556 5162 1700 5222 mortales

368 5257 394 5314 si
416 5247 494 5315 foret
515 5257 561 5315 las
583 5255 663 5330 llere,
687 5257 791 5316 flerent
812 5257 899 5317 diuae
922 5255 1071 5319 Camenae
1093 5257 1241 5319 Naevium
1264 5257 1404 5338 poetam'.
