3580 5938
391 512 438 582 32
821 535 822 538 ¹
981 524 1131 585 adauae

389 706 613 763 Annrrovanvs
715 707 766 778 ait,
787 707 866 765 idem
882 706 972 764 luerit
987 718 1075 783 atque
1092 705 1311 779 Albinovanus,
1334 724 1422 782 quern
1437 707 1467 763 in
1483 705 1709 783 interrogatione

718 809 885 884 compellat,
907 809 979 868 mihi
996 808 1111 868 videtur
1133 808 1263 868 dubitari
1278 827 1378 886 posse.
1412 808 1535 868 Certum
1551 819 1648 868 antem
1663 817 1709 879 eat,

718 929 776 969 non
802 919 883 970 recte
908 911 986 970 hanc
1012 913 1050 970 ob
1077 929 1199 970 cansam
1226 913 1316 970 etiam
1344 912 1379 970 P.
1409 911 1633 971 Albinovanum
1654 912 1711 970 Ma·

716 1013 833 1072 rianum
854 1013 1037 1092 adscriptum
1060 1031 1129 1072 esse
1149 1015 1232 1091 genti
1254 1013 1375 1074 Tulliae
1382 1035 1390 1087 ;
1418 1023 1452 1073 ut
1472 1015 1607 1075 lecerunt
1627 1014 1709 1074 inter·

715 1124 826 1192 pretes.

633 1217 833 1278 Albinovanus
858 1219 956 1280 Celsus
982 1228 1071 1294 pocta
1091 1219 1211 1278 Horatii
1238 1220 1351 1279 amicus
1379 1220 1422 1279 ita
1448 1229 1528 1279 recto
1551 1219 1711 1278 nomencla-

716 1329 801 1379 turae
829 1321 932 1380 0rdine
959 1331 1010 1380 aut
1037 1340 1109 1380 casn
1135 1331 1186 1380 aut
1208 1323 1388 1400 optimorum
1411 1333 1565 1380 auctorum
1586 1322 1646 1380 fide
1666 1341 1712 1398 ap·

716 1423 851 1501 pellatur¹
871 1443 890 1480 a
912 1423 1120 1500 Porphyrione
1149 1425 1275 1502 aliisque
1302 1425 1474 1484 scholiastis
1501 1425 1539 1482 ad
1560 1425 1711 1501 epistulam

720 1529 746 1598 l,
766 1527 794 1584 8.
838 1525 920 1584 Idem
949 1536 1104 1603 praeterea
1131 1527 1161 1585 in
1184 1527 1358 1604 epistolar,
1376 1527 1428 1600 13,
1448 1528 1485 1585 15
1508 1527 1586 1585 nudo
1609 1544 1711 1604 cogno-

716 1627 796 1688 mine
812 1626 920 1688 Celsus
942 1628 1062 1700 dicitur3
1086 1628 1200 1687 scholia
1220 1629 1265 1694 ibi
1283 1629 1358 1688 nihil
1373 1631 1524 1706 praebent.
1557 1629 1712 1705 Inscriptio

716 1730 865 1806 epistulae
887 1731 996 1818 prioris
1018 1732 1049 1788 in
1071 1731 1222 1790 codicibus
1237 1731 1434 1791 deterioribus
1449 1734 1491 1790 ad
1508 1729 1622 1789 Celsum
1638 1731 1712 1788 Albi·

715 1852 856 1892 aoooaam
881 1842 914 1892 ut
935 1853 989 1911 per
1010 1851 1043 1892 se
1064 1833 1135 1891 fidei
1156 1839 1202 1891 est
1222 1833 1349 1905 nullius,
1375 1834 1420 1893 ita
1440 1833 1575 1892 ordinem
1597 1852 1713 1892 nomen-

717 1937 848 1995 claturae
869 1944 970 2013 aperte
993 1935 1161 2011 desumpsit
1181 1955 1221 1994 ex
1242 1935 1391 2012 epistulae
1412 1936 1498 1995 initio

838 2039 919 2098 Celso
939 2039 1063 2114 paudere
1085 2048 1111 2096 et
1131 2038 1198 2096 berae
1219 2057 1276 2098 rem
1296 2029 1400 2115 perere
1413 2037 1605 2098 Albinouano.

716 2140 808 2218 Apud
831 2139 972 2200 Ovidium
994 2159 1033 2198 ex
1055 2139 1154 2198 Ponto
1178 2142 1204 2212 1,
1227 2141 1254 2200 9.
1277 2143 1304 2198 1.
1327 2141 1376 2200 41.
1399 2143 1448 2214 44,
1471 2140 1619 2217 siquidem
1641 2139 1714 2198 idem

716 2263 748 2302 re
771 2262 842 2302 vera
862 2242 1025 2316 indicatur,
1051 2243 1122 2302 item
1148 2241 1248 2304 Celsus
1270 2244 1378 2302 dicitur
1401 2243 1583 2321 simpliciter.
1628 2229 1715 2300 Prae·

716 2364 823 2404 nomen
844 2345 1008 2424 ignoratur.

633 2446 831 2514 Albinouanus
849 2447 929 2506 Pedo
950 2456 1041 2524 poeta
1062 2449 1175 2525 apicus,
1198 2449 1248 2524 qui
1270 2449 1321 2508 din
1343 2449 1474 2509 creditus
1496 2457 1542 2508 est
1564 2448 1714 2526 epicedion

715 2549 809 2610 Drusi
831 2551 1039 2627 composuisse
1062 2549 1113 2626 (cf.
1130 2550 1256 2628 Hauptii
1271 2553 1335 2610 eius
1351 2552 1491 2611 carminis
1507 2551 1598 2609 editio
1620 2571 1650 2628 p.
1668 2549 1714 2624 lt)

715 2653 753 2711 ab
769 2652 879 2713 Ouidio
901 2653 995 2711 semel
1013 2653 1044 2711 in
1060 2653 1189 2730 epistula
1205 2673 1242 2712 ex
1257 2653 1356 2714 Ponto
1371 2656 1400 2728 4,
1419 2656 1466 2724 10,
1481 2654 1501 2711 4
1524 2653 1616 2730 (quae
1631 2653 1715 2710 etiam

714 2755 860 2832 inscripta
880 2767 927 2814 est
947 2751 1169 2832 ‘Albinovano')
1190 2758 1234 2816 ita
1253 2751 1459 2816 ‘Albinovano'
1481 2755 1668 2832 appellatam
1688 2755 1715 2812 in

716 2857 820 2916 eadem
843 2857 971 2934 epistula
993 2877 1020 2915 v.
1038 2860 1076 2918 65
1098 2858 1178 2916 Pedo
1201 2859 1309 2917 dicitur
1330 2859 1461 2936 itemque
1483 2859 1513 2930 4,
1536 2857 1585 2928 16,
1607 2857 1643 2927 6;
1670 2857 1715 2914 ubi

715 2961 801 3019 iuxta
822 2960 957 3020 Marsum
980 2971 1009 3020 et
1029 2960 1186 3020 Rabirium
1208 2962 1399 3020 nominantur
1419 2957 1600 3036 ‘Iliacusque
1620 2960 1717 3018 Macer

717 3063 912 3139 sidereusque
933 3057 1038 3122 Pedo’.
1072 3062 1148 3121 Item
1169 3063 1250 3140 apud
1266 3062 1409 3124 Senecam
1430 3064 1572 3122 maiorem
1595 3081 1634 3121 eo
1656 3061 1717 3120 loco

717 3165 815 3242 (suas.
839 3168 870 3237 1,
894 3165 961 3243 14),
986 3183 1045 3242 quo
1067 3183 1171 3224 versus
1193 3167 1257 3224 eius
1279 3166 1316 3224 de
1337 3166 1526 3242 navigatione
1548 3162 1719 3224 Germanici

716 3269 909 3345 proferuntur
939 3286 1035 3344 nuper
1065 3268 1187 3344 saepius
1213 3269 1332 3328 tractati
1365 3269 1541 3344 (videantur
1567 3265 1718 3344 Hauptius

716 3369 848 3430 Hermae
864 3371 881 3430 3
898 3389 926 3447 p.
941 3369 1000 3428 208
1010 3387 1062 3441 aa,
1082 3368 1233 3446 Bergkius
1247 3372 1279 3429 in
1293 3371 1512 3430 indicisrernm
1527 3371 1565 3428 ab
1580 3371 1719 3446 Augusto

715 3483 867 3551 gestarum
888 3473 1100 3531 retractatione
1121 3472 1216 3548 pst.
1236 3472 1318 3550 124),
1339 3474 1417 3533 Pedo
1434 3473 1541 3533 dicitur
1555 3472 1647 3544 nude,
1671 3470 1720 3529 sed

716 3577 797 3654 apud
823 3575 948 3636 eundem
977 3574 1045 3633 loco
1072 3592 1132 3632 non
1159 3575 1259 3635 minus
1286 3577 1383 3647 claro,
1409 3577 1461 3651 qui
1483 3585 1529 3634 est
1550 3573 1588 3632 dc
1611 3571 1719 3634 Ouidio

715 3680 834 3738 rhetore
857 3677 1005 3754 (controv.
1028 3676 1056 3747 2,
1078 3675 1095 3734 2
1117 3676 1183 3752 [10]
1204 3698 1233 3755 p.
1252 3677 1321 3751 180,
1340 3669 1376 3737 16
1399 3677 1513 3736 Kiessl.
1535 3677 1671 3754 itemque
1693 3676 1720 3732 in

717 3782 868 3859 excerptis
890 3800 920 3858 p.
936 3779 1006 3853 233,
1023 3779 1077 3856 23)
1100 3781 1188 3857 plene
1211 3789 1240 3838 et
1260 3781 1341 3839 insto
1359 3779 1603 3838 nomenclaturae
1619 3779 1721 3836 ordine

718 3884 917 3944 Albinouanus
929 3883 1017 3942 Pedo.
1040 3883 1140 3942 Minor
1153 3881 1267 3951 Seneca
1277 3883 1364 3960 epist.
1379 3879 1448 3954 122,
1463 3882 1500 3941 15
1512 3879 1720 3960 ‘fabulatorem

717 3980 989 4065 elegantissimum,
1011 3986 1095 4044 ouius
1118 3985 1155 4042 de
1171 3982 1224 4060 Sp.
1240 3984 1368 4060 Papinio
1389 3977 1569 4061 ‘lychnobio’
1591 3981 1721 4061 lepidam

717 4088 972 4148 narratiunculam
997 4087 1100 4161 refert,
1127 4086 1270 4146 Pedatam
1290 4086 1502 4146 Albinouanum
1527 4085 1602 4143 dicit
1627 4095 1723 4142 trans-

716 4193 866 4268 positione
887 4208 960 4249 usns
982 4190 1108 4268 vulgari,
1131 4189 1214 4247 cuins
1236 4190 1295 4246 iam
1317 4189 1397 4264 apud
1411 4165 1577 4246 Varrdnem
1593 4199 1626 4247 et
1642 4186 1724 4247 Cice·

717 4313 820 4354 ronem
842 4291 981 4370 exempla
1002 4300 1106 4351 extant
1127 4310 1187 4350 non
1202 4291 1286 4349 nulla
1308 4290 1361 4367 (of.
1376 4291 1555 4350 Mommseni
1570 4291 1723 4368 quaestio

716 4415 771 4456 nes
792 4397 946 4455 Romanae
969 4398 982 4453 1
1008 4414 1037 4472 p.
1054 4397 1089 4453 41
1115 4392 1182 4452 adn.
1201 4393 1264 4469 67),
1287 4393 1340 4450 sed
1361 4393 1449 4471 plura
1469 4393 1539 4452 inde
1561 4413 1581 4450 a
1603 4392 1723 4452 saeculo

716 4501 814 4576 primo
835 4497 1032 4578 reperiuntur.
1066 4494 1239 4573 Cognomen
1262 4495 1357 4554 solam
1381 4495 1511 4554 contenti
1533 4494 1660 4553 fuerunt
1673 4513 1723 4569 po-

716 4622 786 4660 nere
808 4600 957 4660 Martialis
978 4598 1020 4676 (2,
1037 4600 1086 4672 77,
1103 4599 1135 4676 5)
1159 4597 1363 4671 Quintilianus
1379 4597 1424 4674 (6,
1440 4599 1470 4670 3,
1486 4597 1535 4656 61.
1554 4596 1603 4669 10,
1624 4599 1653 4670 1,
1670 4595 1723 4670 90)

716 4704 840 4763 Tacitus
863 4703 945 4778 (ann.
965 4705 991 4776 1,
1008 4701 1077 4778 60)ι
1100 4700 1217 4760 videtur
1238 4700 1318 4760 enim
1340 4699 1423 4759 Pedo
1445 4699 1615 4778 praefectus
1640 4697 1723 4775 eqni·

715 4815 780 4866 tum
802 4804 990 4878 Germanici,
1012 4821 1100 4880 quem
1120 4805 1161 4863 ibi
1183 4805 1333 4875 nominat,
1354 4823 1387 4862 re
1408 4821 1481 4861 vera
1501 4821 1560 4862 non
1581 4800 1724 4861 diversus

715 4909 811 4968 fnisse
832 4929 852 4968 a
871 4915 969 4986 poeta.
1004 4910 1142 4984 Apparet
1163 4907 1253 4984 igitur
1275 4915 1308 4965 ut
1327 4904 1360 4964 in
1375 4906 1498 4965 Tibullo
1521 4903 1619 4966 Statio
1643 4903 1722 4962 Mar·

716 5013 780 5071 tiali
800 5011 938 5072 quenali
966 4995 1131 5088 cognomen
1159 5016 1265 5086 poetae
1286 5026 1393 5068 nomen
1414 5007 1509 5068 fnisse
1530 5024 1629 5084 nsque
1653 5023 1724 5082 qua-

716 5134 775 5192 que
797 5123 914 5187 notam,
941 5131 1002 5173 non
1021 5112 1219 5191 gentilicium,
1245 5118 1278 5171 nt
1299 5111 1330 5169 in
1352 5110 1569 5187 antiquioribus
1590 5107 1723 5167 Horatio

718 5217 853 5296 Vergilio
880 5216 1049 5293 Propertio.
1099 5214 1185 5274 Haec
1211 5213 1279 5274 sola
1308 5212 1421 5275 sufficit
1446 5212 1524 5273 ratio
1550 5209 1590 5270 ad
1620 5213 1726 5270 redar-
