3580 5938
516 549 676 610 Qvnasu.
697 549 916 602 ouonauon.
937 552 961 601 1.
1211 602 1213 614 ,
1357 533 1402 604 st
1443 571 1445 576 ·

87 721 136 782 Sed
161 721 246 780 etiam
276 721 401 782 Cordum
426 724 546 798 Cursum
573 723 673 783 Saetae
698 724 821 782 formari
847 724 981 800 potuisse
1007 717 1075 801 quis
1101 726 1240 802 negabit?
1285 725 1405 786 Deinde

88 834 114 882 ut
136 825 233 899 Aefula
258 824 370 899 Mesola
392 826 518 884 Trebula
546 827 688 886 Faesulae
708 825 831 886 Verulae
859 825 968 886 Corioli
994 825 1107 885 Puteoli
1136 828 1290 904 Aequiculi
1315 829 1406 886 Eruli

88 929 199 1004 Apulum
219 927 370 986 Tusculum
391 946 446 1004 per
467 927 496 986 ol
515 929 580 987 sive
602 929 633 986 ul
654 928 797 988 suffixum
819 928 949 988 formata
970 947 1037 989 esse
1058 939 1185 1006 apparet
1205 930 1293 989 haec:

342 1101 462 1161 Distala
484 1101 547 1178 (vel
568 1101 713 1174 Distulae,
735 1103 893 1176 Distulum,
1007 1099 1150 1162 *Pustula

538 1203 664 1280 Distuli)
942 1221 968 1263 ss
1010 1205 1143 1264 Ranmla

340 1305 458 1365 Fistula
1009 1307 1141 1384 Tif(u)la

269 1425 296 1466 so
339 1408 486 1468 Funisula
1016 1409 1155 1469 Vanisula

341 1511 488 1570 Lametula
1014 1512 1162 1570 Versicula

340 1613 458 1672 Lucilla
1012 1613 1145 1674 Vesicula

339 1716 489 1776 Pauscula
940 1734 966 1774 ao
1014 1715 1127 1792 Urpula

154 1887 286 1967 Cognata
308 1901 379 1950 sunt
400 1890 528 1951 formata
550 1910 603 1968 per
625 1893 651 1950 cl
673 1892 720 1964 cll,
735 1891 766 1979 'tt
787 1891 823 1948 ill
843 1889 968 1963 suffixa,
992 1898 1025 1947 ut
1045 1889 1151 1948 Abella
1171 1890 1323 1967 Fregellae
1349 1891 1401 1950 Ce-

87 1991 140 2049 relli
159 1992 267 2051 Vitellia
288 1993 370 2070 Afilc
390 1991 536 2072 *Mugilla
558 1994 701 2065 Bouillae,
724 1994 814 2052 hacc:

476 2167 604 2226 *Lorela
841 2164 965 2243 Caspila

478 2270 580 2346 Tosela
769 2287 795 2327 ss
837 2268 974 2345 Apscilla

480 2371 614 2433 Cerellae
834 2371 959 2450 Lapilla

86 2545 194 2605 Rariora
212 2548 342 2608 formata
363 2555 433 2608 sunt
454 2567 507 2626 per
529 2551 559 2624 is
575 2547 727 2619 suffixum,
752 2557 785 2607 ut
806 2547 919 2623 Allifae
939 2565 1006 2606 cunr
1028 2547 1188 2620 similibus,
1212 2547 1319 2607 veluti:

473 2710 600 2786 Bantisa
834 2711 959 2788 Supsisa

86 2881 184 2944 Deinde
204 2905 257 2964 per
278 2889 304 2945 is
327 2894 357 2945 ct
379 2905 418 2958 er,
441 2887 484 2944 ita
506 2895 539 2945 ut
561 2885 674 2944 vocalis
695 2887 784 2945 etiam
807 2884 935 2944 elidatur
962 2885 1009 2961 (ut
1034 2885 1158 2964 Compsa
1180 2885 1301 2963 Tempsa
1326 2888 1395 2948 Cra·
1501 2891 1504 2898 '

87 2984 126 3042 bra
147 2987 240 3066 Cupra
266 2987 356 3048 Ostra
376 2986 556 3064 Venafrum),
580 2989 669 3046 hacc:
963 2989 983 3027 ἓ

472 3152 569 3210 Petisa
832 3150 988 3228 Fleb(e)ra

402 3272 429 3313 ro
480 3253 612 3330 Vip(i)sa
839 3252 969 3330 Vie(c)ra

89 3423 148 3484 Item
168 3448 216 3506 per
236 3440 262 3489 et
282 3440 313 3488 et
333 3435 370 3502 it,
398 3439 431 3488 ut
453 3430 553 3488 Caieta
575 3428 724 3505 Spalatum
745 3441 776 3488 et
797 3429 921 3501 similia,
948 3448 1026 3506 quac
1053 3448 1146 3506 supra
1173 3432 1329 3506 composui
1356 3431 1395 3490 ad

91 3524 221 3605 Calpetani
242 3551 360 3604 nomen,
384 3532 472 3591 hacc:
824 3527 825 3535 ’

472 3693 594 3771 Calpcta
824 3695 940 3790 ¹Consta

468 3797 609 3856 *Carbula
832 3793 977 3856 *Tesicita

398 3917 426 3958 se
469 3896 616 3976 *Capreta
837 3897 982 3975 Vips(i)ta

90 4071 168 4146 seque
187 4093 236 4150 per
256 4079 292 4147 tc,
317 4085 349 4135 ut
370 4075 513 4136 Laterum
534 4075 679 4136 Sarranum
704 4075 829 4145 lustau,
861 4061 867 4072 ’

269 4237 369 4298 Carica
391 4199 637 4315 (sivCCalicum)
784 4237 905 4296 Raetica
928 4236 1007 4312 (sive
1027 4236 1188 4314 Rusticum)

200 4357 224 4397 so
264 4339 380 4400 Marica
787 4339 919 4416 Suspice,

91 4495 195 4559 butenae
214 4503 300 4564 etiem
325 4504 425 4563 Vatica
447 4515 477 4562 et
497 4503 651 4564 *Sabinam

156 4603 281 4682 Denique
302 4625 370 4664 cnm
392 4605 531 4666 Carvanca
546 4605 684 4664 Namatio
697 4587 833 4664 ¹fortasse
856 4605 1093 4680 componendum
1114 4605 1267 4677 Veientum,
1291 4625 1310 4664 a
1331 4625 1391 4683 quo

97 4699 237 4766 Veientanae
261 4726 425 4786 cognomen
451 4709 562 4767 iactum
590 4717 650 4781 est,
677 4717 707 4766 ct
733 4726 800 4766 cum
822 4707 988 4786 peregrinis
1009 4707 1101 4766 veluti
1126 4707 1290 4768 Gaditanus
1312 4727 1390 4769 com-

93 4805 202 4875 panni·
219 4807 395 4870 *Basitanue
419 4809 569 4886 Mefitunua
591 4809 758 4868 Turitanus.

157 4907 370 4990 Quinquaginta
390 4914 522 4989 quinque
543 4912 605 4970 fere
625 4913 760 4970 locorum
782 4913 953 4989 ignotorum
970 4913 1093 4971 nomina
1108 4915 1182 4972 satis
1197 4913 1393 4990 probabiliter

93 5003 124 5060 ita
138 5009 256 5072 ridemur
275 5016 362 5074 nobis
384 5014 639 5074 demonstravisse
659 5013 707 5086 iis,
730 5015 780 5090 qui
802 5014 1051 5091 chorographiam
1065 5014 1172 5075 Italiae
1186 5025 1323 5077 tractant.
1339 5010 1341 5018 ’
1357 5017 1391 5079 Si

95 5109 180 5184 oppida
192 5127 259 5174 nata
277 5116 514 5188 consideramus,
531 5135 570 5176 ex
586 5116 695 5192 quibus
709 5117 831 5176 nomina
846 5117 901 5175 illa
915 5117 1051 5176 derivata
1063 5135 1130 5178 csse
1145 5137 1237 5197 supra
1250 5120 1389 5192 vidimus,

95 5215 213 5281 permulta
225 5237 324 5278 eorum
339 5220 397 5279 sita
410 5220 506 5279 fuisse
520 5219 688 5298 reperimus
703 5217 733 5277 in
743 5216 832 5277 Latio
847 5219 1039 5295 potissimum
1053 5227 1083 5279 et
1096 5221 1269 5298 regionibus
1283 5223 1388 5282 vicinis
