3530 5932
324 573 668 628 conuanrlrronns
685 575 961 628 urremrmctn
980 577 1083 629 raas.
1293 559 1362 642 167

62 746 142 804 harum
168 766 269 806 rernm
296 748 387 824 periti
413 767 460 822 me
485 757 595 808 temere
623 759 653 808 ct
681 767 735 825 pro
762 749 888 808 arbitrio
914 769 950 808 ea
974 749 1092 810 Latinis
1120 751 1233 810 verbis:
1261 753 1364 826 cippis,

63 848 175 906 coelumne
196 853 319 925 siquam,
342 851 533 923 decumanam,
555 849 645 912 solide
661 851 826 928 reddidisse
841 851 1037 928 suspicentur,
1060 853 1120 910 alia
1141 851 1290 911 scribendi
1311 871 1364 931 op-

61 951 217 1026 portunitate
239 952 343 1011 oblata
362 973 409 1012 me
431 955 613 1030 argumentis
636 955 725 1014 altius
747 953 884 1032 repetitis
907 973 974 1012 cum
991 973 1007 1012 e
1022 955 1142 1033 linguae
1163 954 1280 1014 ratione
1301 962 1362 1013 tum

62 1071 89 1109 er
105 1053 337 1130 agrimensorum
363 1055 524 1133 disciplina
550 1066 644 1116 totam
669 1057 758 1116 huius
784 1057 990 1133 inscriptionis
1016 1057 1292 1134 interpretationem
1316 1077 1362 1116 re-

61 1161 199 1215 naturum
220 1175 287 1216 esse
309 1157 474 1232 professus.
511 1158 576 1218 lam
597 1159 687 1238 igitur
705 1159 804 1235 perch.
823 1177 888 1234 per.
910 1168 998 1218 notae
1020 1158 1204 1236 supplendae
1226 1159 1364 1218 videntur

61 1257 88 1312 td
101 1258 306 1335 pcr·c·k(a·Is),
328 1260 463 1318 eiusdem
481 1260 595 1320 formae
611 1237 788 1320 vocabulum
804 1270 893 1338 atque
907 1259 1081 1320 Umbricum
1100 1264 1238 1356 pap-ca-s,
1260 1279 1361 1336 quam·

61 1360 94 1416 ris
111 1379 164 1418 non
185 1361 290 1420 eadem
313 1380 436 1438 prorsus
458 1362 676 1440 significatione
711 1363 813 1439 (Aufr.
842 1363 963 1423 Kirchh.
989 1363 1083 1422 Umbr.
1114 1362 1202 1438 Sprd.
1224 1363 1269 1434 Il,
1287 1363 1360 1422 247.

62 1461 124 1536 413),
150 1463 253 1523 eadem
277 1465 370 1541 stirpe
392 1472 489 1523 ortum
512 1473 545 1522 ut
564 1483 627 1524 vox
647 1464 759 1524 Latina
777 1469 922 1542 per-tica,
944 1483 1012 1524 cum
1035 1483 1126 1524 sensu
1148 1465 1292 1540 stipitibae
1313 1465 1362 1523 vel

61 1568 139 1639 cippis.
177 1563 219 1624 Et
241 1567 383 1643 quoniam
404 1567 436 1626 iu
457 1567 552 1625 titulis
576 1568 691 1626 viarum
712 1566 831 1626 Latinis
852 1567 991 1644 frequens
1013 1575 1058 1626 est
1078 1566 1208 1626 formula
1229 1566 1360 1626 dicendi:
1435 1607 1442 1619 .

59 1669 115 1724 rihni
133 1673 350 1728 terminaverunt
371 1671 475 1744 cippis,
496 1670 566 1727 huic
587 1669 749 1746 respondet
764 1669 848 1729 Osca
867 1671 898 1728 in
920 1669 1008 1728 titulo
1029 1669 1257 1746 magistratuum
1271 1668 1360 1727 Pom·

60 1769 223 1842 peianorum:
256 1775 305 1828 vin
337 1780 533 1830 tercnnattcns
555 1770 729 1848 pereb(nIc),
760 1771 790 1830 id
818 1771 897 1848 quod
925 1773 1001 1830 bene
1029 1771 1179 1830 intellexit
1206 1769 1362 1844 Quaranta

59 1869 84 1942 (l.
95 1889 114 1928 c.
129 1893 158 1948 p.
176 1873 226 1932 67.
241 1872 305 1948 68).
343 1873 437 1944 Cotta,
458 1891 547 1949 quam
562 1893 666 1933 vocem
688 1873 832 1949 inlepide
854 1875 901 1932 his
916 1873 1023 1932 litteris
1040 1873 1182 1949 scriptam
1197 1890 1263 1932 esse
1282 1891 1361 1932 nunc

59 1989 151 2047 qnoque
164 1977 341 2054 conspicere
356 1975 475 2050 poterit,
497 1976 674 2052 quicumque
689 1975 783 2034 oculis
797 1977 839 2034 uti
854 1976 990 2047 voluerit,
1011 1976 1096 2034 nulla
1110 1959 1229 2052 linquae
1245 1975 1360 2034 ratione

58 2074 139 2134 eodem
158 2095 218 2135 uox
246 2085 346 2153 potest
372 2095 438 2136 esse
464 2096 498 2136 ac
524 2077 633 2137 Latina
662 2079 749 2152 cella,
777 2097 831 2136 nec
857 2077 1001 2162 credibile
1026 2061 1072 2135 est
1097 2096 1162 2135 eam
1190 2077 1358 2154 significare

58 2179 163 2251 tenplum
183 2179 233 2238 vel
252 2157 360 2255 sunum
381 2179 429 2238 vel
450 2180 600 2252 ancellum,
639 2199 705 2239 cum
731 2180 789 2239 hoc
816 2198 907 2239 sensu
932 2181 964 2239 in
990 2179 1110 2256 linguae
1132 2178 1230 2238 Oscae
1256 2197 1358 2238 mouu-

57 2281 142 2337 mentis
155 2281 318 2341 habeamus
333 2281 480 2340 vocabula
497 2263 628 2359 perlicere,
644 2281 744 2358 fitand,
760 2281 949 2342 roboratione
970 2281 1017 2355 (C.
1030 2282 1155 2358 Aasspr.
1168 2282 1214 2355 II,
1227 2301 1260 2357 p.
1272 2281 1358 2355 1079,

59 2399 76 2436 c.
87 2379 111 2438 3.
130 2383 210 2454 1078,
227 2402 250 2442 c.
268 2383 297 2442 2.
318 2385 407 2457 1080,
423 2404 446 2443 c.
461 2386 490 2456 2,
506 2386 548 2443 ed.
563 2384 592 2455 2,
614 2383 752 2456 Endcrio,
774 2383 918 2443 Formenl.
935 2385 962 2442 d.
983 2382 1051 2443 Ort.
1068 2384 1137 2460 Spr.
1155 2383 1250 2444 Gloss.
1265 2403 1297 2460 p.
1309 2387 1357 2444 II.

57 2482 93 2538 tt.
105 2484 161 2560 40).
180 2485 290 2562 Itaque
302 2486 392 2544 coll-a
406 2486 537 2545 eiusdem
553 2486 656 2564 stirpis
672 2486 840 2563 similisque
855 2505 960 2546 sensus
975 2503 1043 2545 esse
1058 2487 1187 2546 arbitror
1200 2505 1235 2546 ac
1248 2486 1358 2546 Latina

59 2585 181 2645 rocahula
195 2589 342 2660 coil-erc,
366 2589 513 2659 cccl-ace,
537 2589 671 2648 cael-u-nt
692 2607 805 2666 „genus
815 2588 997 2660 ferramenti,
1019 2606 1108 2664 quem
1123 2589 1211 2666 vulgo
1234 2591 1362 2648 cilionem

56 2691 157 2746 roms
178 2689 267 2764 (laid.
287 2690 367 2767 Orip.
382 2690 456 2762 XX,
480 2711 503 2750 c.
519 2692 548 2764 I,
566 2711 599 2767 p.
617 2690 702 2768 623),
725 2701 754 2750 et
775 2691 977 2751 accusativum
1000 2691 1076 2768 sing.
1100 2691 1193 2750 cailo.-
1219 2693 1359 2752 caelatum

55 2807 122 2866 opat,
146 2794 286 2852 caelatum
313 2797 424 2870 cipriani
452 2794 641 2870 interpretor.
685 2791 764 2852 Nam
786 2794 866 2871 apud
887 2775 1037 2855 Samnites
1065 2812 1158 2852 aenea
1183 2793 1360 2870 caelataque

55 2893 123 2968 signa
144 2895 224 2956 Iovis
250 2895 437 2972 aliorumque
463 2895 586 2954 deorum
612 2896 644 2954 in
672 2915 731 2954 usu
758 2895 869 2968 inisse,
899 2897 984 2955 docet
1010 2915 1135 2972 parvum
1159 2895 1240 2954 Iovis
1269 2906 1359 2974 caput

54 3013 155 3056 nucum
175 3000 207 3057 iu
230 3015 304 3075 agro
326 2996 479 3058 Frentana
504 3006 656 3076 repertum
678 3017 746 3056 cum
768 2998 963 3074 inscriptione
985 2996 1069 3058 Osca
1094 2997 1263 3074 (hlamma,
1291 2997 1358 3057 Uni.

55 3095 120 3156 Dici.
139 3111 156 3158 t.
174 3100 244 3170 VII,
266 3099 437 3176 sp.170>.
480 3099 670 3159 Adiectivum
699 3099 934 3174 dcltlcv-io-rint,
964 3100 995 3158 iu
1021 3119 1082 3176 quo
1107 3100 1207 3160 inesse
1234 3099 1357 3177 stirpem

55 3195 133 3260 Oscae
150 3203 266 3262 numeri
287 3203 403 3262 denarii
424 3203 507 3262 vocis
528 3203 587 3260 iam
611 3200 741 3262 Garucci
762 3201 797 3279 (l.
814 3223 837 3262 c.
856 3222 889 3278 p.
904 3203 958 3279 35)
980 3210 1009 3260 et
1031 3200 1188 3276 Quaranta
1208 3220 1358 3280 cognove-

55 3312 107 3359 mnt
132 3305 163 3379 (i.
177 3323 200 3364 c.
218 3325 254 3382 p.
269 3305 340 3382 88),
367 3304 560 3382 repetendum
587 3304 730 3364 existimo
757 3323 776 3362 a
797 3305 984 3365 substantivo
1011 3323 1083 3364 osco
1111 3304 1249 3377 dalaia,
1276 3304 1359 3381 quod

55 3407 190 3479 respondet
214 3405 359 3466 Umbrico
397 3407 532 3487 alceia-s
571 3424 638 3483 gen.
676 3406 752 3484 sing.
777 3406 848 3465 iem.
886 3406 960 3483 (tab.
983 3406 1066 3484 Ipuc.
1089 3407 1128 3465 ΙΙ
1138 3407 1165 3480 b,
1187 3411 1213 3468 1.
1267 3407 1355 3482 Aufr.

55 3501 151 3566 lircil.
172 3528 199 3568 a.
220 3509 255 3568 0.
271 3509 316 3583 ΙΙ,
337 3507 399 3568 330
412 3508 471 3586 f.)‚
499 3508 715 3585 significatione
743 3527 802 3567 non
823 3509 942 3568 diverso
964 3528 983 3567 a
1004 3507 1122 3569 Graeco
1145 3497 1257 3581 tiu-Ic,
1279 3508 1357 3568 unde

55 3607 248 3670 hibin-rien
270 3629 391 3671 sensum
412 3612 637 3670 docum-anam
659 3611 781 3688 accepit.
815 3610 955 3688 Denique
975 3611 1159 3671 scr-e·v-Ici·d
1177 3612 1357 3688 interpretor

46 3707 200 3772 'adverbium
223 3714 357 3774 eiusdem
378 3713 498 3791 generis
521 3721 553 3770 nt
574 3711 688 3773 Oscum
709 3715 882 3790 nin-prafi-ti
903 3739 940 3763 =
963 3713 1116 3790 ita-probe,
1143 3713 1281 3773 Latinum
1302 3716 1355 3788 fa-

54 3811 171 3886 cilaacd,
191 3816 352 3875 formatum
375 3834 394 3873 a
415 3791 517 3892 stirpe*
530 3815 659 3874 nominis
681 3833 798 3888 acran,
819 3833 898 3891 quae
919 3816 999 3874 inest
1017 3815 1049 3874 in
1069 3817 1161 3875 verbo
1183 3815 1356 3874 denomina-

53 3912 100 3970 tivo
123 3935 271 3977 scr-c-c-rc
302 3927 332 3976 et
357 3917 505 3995 significat
530 3917 669 3989 solidum,
703 3926 801 3992 totum,
834 3921 971 3995 intepram
1002 3917 1055 3994 (G.
1077 3917 1112 3976 Z.
1128 3919 1157 3992 s.
1177 3916 1265 3994 vergi.
1283 3915 1353 3993 Spr.

55 4013 158 4090 XVIII,
172 4021 247 4080 200.
278 4020 404 4097 Aascpr.
419 4019 447 4092 I,
464 4019 524 4080 485
539 4037 594 4095 sp,
616 4020 659 4078 ed.
677 4018 720 4096 2).

53 4411 91 4470 21.
126 4415 320 4496 Horologium
349 4419 492 4478 solarium
521 4438 560 4478 ex
588 4418 686 4494 lapide
713 4417 871 4477 Tiburtino
898 4419 1051 4478 inventum
1078 4419 1109 4477 in
1137 4417 1258 4477 thermis
1285 4414 1353 4477 Sta·

85 4517 168 4578 biania
189 4521 228 4579 ad
250 4523 341 4594 viam,
363 4540 441 4599 quae
462 4541 481 4580 a
500 4521 567 4579 foro
590 4521 628 4579 ad
650 4521 901 4598 amphitheatrum
922 4521 1065 4592 ducebat,
1087 4520 1135 4578 die
1158 4518 1196 4578 23
1220 4516 1353 4595 Septem·

84 4619 136 4678 bris
156 4623 224 4681 anni
249 4623 336 4698 1854,
359 4643 437 4683 nunc
458 4623 489 4681 in
510 4639 614 4681 museo
636 4621 850 4700 Neapolitano;
873 4622 957 4682 cuius
978 4623 1010 4680 iu
1030 4621 1128 4680 fronte
1148 4621 1257 4682 litteris
1277 4623 1353 4680 bene

85 4719 173 4782 incisis
194 4724 305 4802 legitur
324 4726 444 4808 titulus:
1223 4715 1226 4722 ’

323 4941 380 4988 mr
395 4971 402 4987 .
419 4913 540 4990 atinils
556 4971 563 4986 .
579 4939 636 5030 mr
661 4913 870 5030 kvalsstur.
887 4912 1048 4988 eltiuvad

300 5073 520 5149 multasllrad
544 5071 796 5147 lnimbennieis
812 5129 820 5144 .
835 5071 1032 5188 tangi(nud)

573 5229 802 5306 asmanaffed
