3532 5938
357 417 430 490 256
716 436 1020 489 oesaavsmouus
1046 435 1332 488 urreauenucss.

767 539 918 548 -—-——-.

440 612 474 684 8.
516 607 795 684 Rhoemetalces
817 627 1052 706 Rhescuporidis
1076 629 1157 687 susce
1190 627 1255 688 etue
1288 628 1325 686 oe
1351 646 1411 705 quc
1436 628 1525 687 meac
1553 629 1675 689 enimn

356 741 441 812 patre
456 751 573 804 everso,
587 751 655 790 eum
670 733 735 792 eius
751 731 885 791 consiliis
900 731 1000 808 ipsum
1015 731 1203 790 adversatum
1218 748 1286 790 esse
1300 740 1459 801 constaret,
1473 739 1589 808 partem
1603 734 1677 807 regni

357 837 395 895 ab
417 837 597 912 imperatore
612 835 736 894 Tiberio
759 829 923 910 accepte).
957 831 1071 892 Narrat
1085 831 1254 910 Tacitusl)
1276 834 1315 892 ad
1337 850 1363 891 a.
1381 831 1415 890 21
1442 833 1590 892 aduersus
1610 834 1679 892 buno

357 939 607 1009 Rhoemetalcen,
641 938 721 1014 quod
749 937 939 1014 popularium
964 936 1089 995 iniurias
1116 935 1228 994 inultas
1264 953 1332 994 esse
1359 935 1484 1008 sineret,
1518 933 1681 995 Coelaletae

359 1040 555 1118 Odrysasqus
577 1050 607 1099 et
625 1038 704 1099 Dios
720 1038 869 1098 Thraciae
891 1039 1019 1116 populos
1042 1055 1126 1096 arma
1147 1038 1311 1115 sumpsisse
1334 1056 1459 1113 eumque
1483 1037 1681 1116 Philippopoli

360 1143 510 1202 inclusum
532 1141 695 1213 obsedisse,
718 1142 771 1200 sed
793 1141 978 1200 obsidionem
993 1141 1122 1200 solutam
1142 1157 1210 1200 esse
1224 1139 1370 1198 Romanis
1393 1139 1624 1199 adventantibus
1643 1161 1681 1198 re

360 1245 465 1324 gisque
487 1245 558 1304 item
579 1254 749 1321 opportuna
771 1245 936 1320 eruptione.
973 1243 1049 1302 Eam
1065 1243 1265 1302 narrationem
1287 1242 1411 1320 pulchre
1432 1243 1568 1301 illustrat
1589 1243 1681 1300 titulus

358 1347 500 1419 ineditus,
522 1365 610 1423 quem
634 1347 704 1404 dum
727 1347 799 1405 baec
814 1347 913 1406 scribo
927 1355 1094 1423 opportune
1115 1345 1153 1404 ad
1166 1363 1213 1404 me
1229 1345 1330 1404 attulit
1345 1344 1576 1404 Mordtmannus
1597 1345 1681 1404 bonae

361 1450 425 1527 spei
446 1448 563 1508 iuvenis
587 1459 745 1526 exceptum
767 1449 799 1508 in
820 1448 933 1525 Bizyae
954 1448 1063 1506 ruinis:

810 1566 894 1610 eew
926 1565 1028 1610 srlw
1058 1565 1245 1615 retertur

809 1669 925 1712 unse
963 1667 1043 1712 suls
1081 1669 1244 1713 roliers

812 1768 987 1813 τΑΛκογ
1022 1773 1087 1814 usu
1130 1769 1244 1814 nueo

813 1862 983 1916 Auernos
1020 1873 1061 1916 εκ
1098 1872 1173 1916 sor
1200 1873 1245 1915 us

813 1975 854 2016 us
899 1975 966 2019 uon
1010 1972 1243 2019 uomsasulxon

814 2075 1001 2120 nonemort
1049 2077 1246 2121 nunaunou

812 2179 990 2224 {aruerat
1012 2177 1248 2223 ‹suismeuoz

815 2283 878 2326 nar
916 2281 1103 2325 astruxere
1137 2282 1245 2326 ratos

814 2384 969 2428 rounloz
992 2383 1138 2428 neoto}
1160 2384 1246 2427 xnrr

815 2486 938 2530 sullnon

365 2583 431 2660 Cepi
452 2573 525 2658 styla
548 2571 667 2657 dsist'rrpr
691 2567 759 2661 deep
781 2581 833 2646 τῆς
845 2570 1050 2650 Ῥοιμητάλκου
1072 2570 1120 2638 uei
1135 2570 1343 2664 IIoSodaiprdoe
1364 2579 1395 2638 ἔκ
1413 2580 1466 2638 τοῦ
1478 2575 1557 2637 κατὰ
1572 2573 1616 2636 eda
1630 2582 1684 2635 Ka·

365 2677 548 2764 λα[λ]ητικὸν
573 2672 695 2750 πέλεμον
716 2677 845 2740 κινδύνου
868 2676 1005 2765 σωτηρίας
1035 2673 1192 2763 εὐξάμενος
1224 2671 1272 2740 acti
1300 2677 1450 2761 ἐπιτυχών
1478 2673 1568 2741 Pcr'rot·
1584 2671 1685 2737 'lotitans

366 2779 474 2868 Πρόκος
497 2783 579 2863 [fort.
599 2774 739 2866 llplialce]
763 2773 993 2866 χαριστ[ἧρι]ον.
1027 2783 1220 2862 Pythodoris‚
1243 2804 1333 2861 qnam
1355 2793 1439 2861 patet
1459 2804 1522 2844 una
1545 2803 1610 2843 oum
1628 2801 1685 2858 rege

367 2887 582 2949 Rhoemetalce
591 2887 686 2946 fuisse
694 2885 900 2964 Philippopoli
913 2905 979 2944 cum
996 2887 1066 2945 urbs
1082 2887 1279 2958 obsideretur,
1295 2907 1355 2945 non
1371 2887 1458 2946 uideo
1473 2906 1530 2945 eur
1540 2907 1600 2946 non
1613 2885 1687 2954 fuerit

371 2993 439 3050 auia
461 2990 590 3050 filiorum
607 2988 711 3064 Cotyis
734 2996 764 3046 et
778 2988 991 3065 Tryphaenae3
1014 3007 1082 3048 narn
1105 3009 1132 3048 a.
1148 2999 1227 3048 certe
1250 2989 1286 3048 19
1310 3008 1374 3048 eam
1397 2989 1554 3048 etiamtum
1575 2991 1604 3048 in
1624 2988 1685 3044 airis

367 3095 463 3153 fuisse
485 3093 605 3151 aliunde
622 3100 748 3162 constat,
771 3109 867 3166 neque
883 3092 1044 3167 quicquam
1059 3093 1160 3151 obstat
1173 3092 1332 3168 quominus
1347 3111 1383 3150 eo
1398 3099 1537 3170 tempore
1552 3110 1589 3150 ex
1602 3090 1684 3149 Ponto

367 3198 399 3256 in
418 3195 578 3254 Thraciam
594 3193 729 3271 proiecta
750 3193 789 3251 eit
804 3193 842 3250 ad
862 3192 955 3251 filiam
970 3193 1059 3252 caede
1074 3193 1172 3252 mariti
1188 3193 1329 3252 afflictam
1352 3203 1539 3270 nepotesque
1561 3191 1685 3271 paruulos

369 3297 523 3358 visendos.
546 3332 584 3342 -
608 3295 691 3354 Idem
712 3291 941 3354 Rhoemetalces
964 3315 989 3352 a.
1012 3294 1051 3355 26
1074 3295 1220 3354 Romanis
1248 3295 1392 3355 adversus
1421 3297 1584 3371 populares
1607 3293 1684 3352 rebel·

368 3402 466 3460 lantes
488 3398 604 3458 auxilia
626 3392 756 3473 misit³).
789 3397 865 3455 Post
886 3417 954 3455 eum
976 3415 1086 3456 annum
1102 3398 1232 3474 amplius
1246 3416 1308 3456 non
1324 3409 1583 3457 commemoratur.
1616 3394 1682 3454 Fieri

370 3510 471 3579 potest
492 3508 524 3558 ut
545 3500 583 3557 ad
606 3497 716 3558 Gaium
745 3517 840 3575 usque
866 3519 990 3578 regnum
1013 3501 1195 3575 protraxerit
1223 3507 1254 3558 et
1275 3500 1364 3557 simul
1387 3501 1522 3578 regnarit
1543 3519 1606 3558 eum
1626 3513 1680 3572 cog·

370 3605 489 3664 nomine
505 3598 611 3678 Cotyis
633 3602 710 3673 filio;
734 3602 850 3660 videtur
872 3611 971 3660 tamen
987 3600 1045 3661 Gai
1067 3603 1237 3679 principatu
1252 3601 1384 3660 Threcia
1406 3603 1551 3660 universa
1571 3602 1622 3660 sub
1636 3617 1682 3655 uuo

369 3724 440 3783 rege
460 3705 554 3764 fuisse
576 3723 671 3781 eoque
693 3703 755 3762 filio
772 3701 889 3782 Cotyis,
910 3706 1011 3780 itaque
1034 3705 1129 3780 magis
1152 3703 1326 3762 crediderim
1347 3703 1581 3763 Rhoemetalcen
1604 3701 1682 3760 Rhes·
1754 3723 1755 3726 ¹

372 3807 525 3886 euporidis
547 3807 641 3865 filium
660 3806 824 3884 imperante
845 3805 970 3867 Therio
992 3816 1044 3865 aut
1058 3807 1137 3866 diem
1157 3805 1271 3865 obiisse
1294 3817 1345 3864 aut
1366 3825 1460 3884 reguo
1483 3815 1610 3865 amotum
1630 3819 1683 3860 esse

371 3930 427 3970 neo
447 3925 626 3986 quemquam
648 3908 675 3966 ei
697 3910 890 3968 successisse.

458 4079 491 4149 9.
533 4071 811 4149 Rhoemetalces
834 4092 939 4173 Cotyis
961 4095 1040 4154 filius
1069 4101 1140 4153 natu
1168 4094 1318 4154 maximus
1345 4095 1425 4172 patri
1450 4095 1482 4153 in
1508 4105 1590 4171 parte
1616 4090 1682 4168 regni

374 4201 456 4276 (nam
479 4199 574 4258 altera
595 4215 666 4274 pars
689 4197 759 4255 data
780 4207 827 4256 est
853 4199 879 4256 ei
906 4198 944 4256 de
970 4217 1029 4274 quo
1053 4197 1141 4255 modo
1163 4196 1295 4254 diximus
1317 4195 1550 4256 Rhoemetalces
1570 4196 1683 4254 Rbesou·

373 4301 488 4378 peridis
504 4300 581 4376 filio>
605 4301 752 4358 successit
773 4318 797 4358 c.
814 4319 840 4358 a.
859 4299 896 4358 19
919 4300 1018 4357 infans
1038 4299 1190 4356 etiamtum
1212 4304 1310 4357 tutore
1325 4297 1362 4357 T.
1377 4297 1559 4359 Trebelleno
1572 4295 1681 4370 Ruio⁴).

452 4486 475 4548 ¹)
502 4487 610 4538 Tacitus
629 4503 689 4538 ann.
710 4489 735 4550 2,
758 4489 802 4538 67.

451 4577 476 4641 ²)
501 4594 561 4630 aun.
583 4581 609 4641 3,
623 4581 667 4630 38.
682 4581 725 4631 39.
754 4580 865 4642 cl.4,5
886 4581 919 4630 ad
939 4595 962 4630 a.
977 4581 1024 4631 23:
1050 4577 1198 4630 Thraeciam
1220 4576 1406 4629 Rhoemetalces
1425 4595 1457 4629 ac
1477 4577 1551 4630 liberi
1564 4576 1681 4644 Cotyis...

378 4668 530 4722 obtinebant.
772 4673 777 4682 '

452 4761 477 4825 ⁸)
502 4764 608 4815 Tacitus
627 4779 688 4814 aun.
703 4765 729 4826 4,
744 4763 769 4814 5.

454 4853 479 4917 ⁴)
504 4857 589 4909 Strab.
608 4856 626 4906 1.
647 4873 683 4906 c.:
703 4845 718 4920 ἦ
737 4851 780 4923 μὶν
799 4856 959 4918 (Polemonis
978 4857 1042 4919 filie)
1062 4846 1141 4918 leden
1160 4856 1242 4908 Keras
1259 4855 1293 4920 τῷ
1305 4850 1421 4920 lanais,
1442 4851 1643 4924 dalopameimt
1659 4845 1679 4898 ll

379 4935 502 5018 ἐχήρευσε
521 4943 612 5004 παῖδας
632 4942 731 5018 lycaea
751 4945 778 5015 lg
797 4945 873 4999 sirei
893 4948 971 5019 (τρεῖς
989 4951 1037 5000 ins.
1052 4951 1083 5000 E.
1098 4950 1201 5002 Curtius
1221 4951 1247 5000 iu
1263 4950 1328 5000 actis
1341 4951 1432 4999 minor.
1449 4951 1522 5000 seed.
1535 4948 1612 4999 Berol.
1626 4943 1680 4994 1ssl
1754 4933 1755 4940 ’

378 5056 404 5104 p.
419 5042 453 5089 10
472 5040 667 5104 probabiliterl·
688 5033 827 5090 terunciu
851 5037 875 5091 δ’
894 5031 907 5091 d
924 5031 1096 5110 πρεσβύτατος
1115 5037 1200 5091 eorda.
1240 5043 1349 5107 Scripsit
1370 5040 1465 5093 Strabo
1490 5041 1539 5092 boc
1560 5041 1610 5106 ipso
1630 5043 1678 5085 ten·

379 5147 442 5198 pore
462 5147 485 5182 a.
502 5133 534 5184 19
555 5134 595 5183 uel
614 5135 702 5200 paullo
721 5141 819 5200 postea.
