3530 5932
493 1728 621 1844 Lux
645 1725 951 1844 OOLONIllll

132 1914 293 1990 lVLlAE
320 1913 604 1991 GENETIVAE
630 1914 940 1992 VRBANORVM
967 1913 1076 1990 SIVE
1104 1911 1312 1989 VRSONIS

524 2060 917 2114 munucmm

240 2233 593 2294 ADDITAMENTVM
616 2236 674 2294 ΑΙ)
698 2226 908 2296 CORPORIS
931 2232 1140 2294 VOLVMEN
1161 2233 1204 2292 II.

73 2643 150 2788 Sub
175 2733 265 2791 tinem
288 2753 314 2791 a.
335 2733 413 2790 1870
436 2732 483 2791 vel
511 2734 631 2791 ineunte
653 2733 776 2800 arsrl
799 2742 935 2810 repertae
964 2742 1035 2791 sunt
1060 2733 1179 2791 tabulas
1202 2750 1307 2790 aereae
1329 2739 1389 2790 tres

72 2851 151 2910 prope
166 2832 327 2906 Ursonem,
349 2853 425 2911 quae
446 2834 534 2894 hodic
552 2835 653 2894 Oauua
675 2845 731 2907 est,
754 2835 784 2893 in
800 2835 951 2913 Hispania
966 2835 1089 2893 Baetica
1099 2834 1139 2910 ¹),
1161 2834 1228 2893 loco
1251 2833 1390 2910 quodam,

71 2951 147 3008 quem
167 2939 339 2996 accuratius
361 2937 388 2994 is
411 2938 463 3014 qui
485 2938 600 2997 invenit
620 2938 752 2996 indicare
774 2938 881 2996 noluit.
917 2936 976 3010 Qui
998 2937 1126 3014 primum
1148 2936 1305 3014 propagati
1322 2943 1392 2994 sunt

71 3055 115 3109 per
133 3041 243 3099 amicos
259 3038 459 3117 Hispalenscs
482 3040 595 3098 dehoc
616 3041 737 3098 invento
760 3058 895 3099 rumores
912 3040 979 3116 vagi
1002 3049 1031 3098 et
1052 3057 1147 3116 paene
1166 3037 1295 3098 fabulosi
1318 3036 1389 3113 (sci

71 3137 129 3198 licet
151 3142 322 3216 quindecim
346 3141 393 3199 vel
415 3141 491 3199 adeo
514 3151 574 3200 tres
597 3150 626 3200 et
647 3143 753 3220 viginti
775 3143 893 3202 tabulas
915 3142 1076 3218 inscriptas
1099 3149 1233 3217 repertas
1255 3157 1324 3199 esse
1345 3139 1391 3197 illi

72 3243 280 3318 nuntiaverant)
303 3262 473 3320 quanquam
496 3257 602 3320 postea
623 3246 809 3322 comprobati
831 3264 890 3304 non
914 3253 996 3316 sunt,
1022 3253 1121 3304 tamen
1143 3243 1208 3302 fieri
1230 3261 1336 3318 posse,
1359 3250 1392 3301 ut

73 3353 174 3418 praeter
199 3355 261 3405 tres
289 3345 408 3404 tabulas
435 3354 541 3422 postea
566 3346 701 3423 prolatas
729 3356 781 3405 aut
807 3367 867 3406 uua
893 3357 945 3405 aut
971 3347 1072 3423 plures
1100 3346 1230 3424 amplius
1257 3345 1391 3404 detectae

72 3446 132 3518 sint,
159 3447 211 3506 sed
240 3448 370 3520 celatae,
401 3449 452 3525 qui
481 3449 641 3533 hominum*
661 3451 737 3508 lucri
765 3450 1026 3525 cupidissimorum
1053 3449 1193 3507 astutiam
1221 3447 1305 3506 novit
1331 3465 1391 3505 non
1463 3499 1468 3508 .

72 3549 192 3624 negahit3
219 3549 326 3610 tertiae
355 3570 373 3609 a
400 3568 432 3609 sc
457 3551 554 3610 editae
581 3560 695 3628 partem
718 3571 795 3627 quae
816 3551 1002 3610 desideratur
1023 3562 1052 3610 et
1073 3552 1170 3626 ipsam
1193 3559 1312 3620 extare,
1338 3549 1392 3608 sed

72 3649 153 3709 adhuc
174 3651 282 3724 celari,
310 3637 399 3710 etium
422 3652 573 3730 Berlanga
594 3653 746 3728 probabile
769 3671 835 3712 esse
861 3654 981 3713 iudicat.
1025 3654 1153 3731 Emptas
1174 3662 1244 3711 sunt
1266 3671 1293 3709 a.
1312 3650 1389 3710 1871

72 3751 177 3811 tabulae
198 3754 271 3812 illae
294 3763 356 3813 tres
378 3773 396 3811 a
417 3755 581 3814 Francisco
604 3754 970 3815 Cabaliam-Infante
993 3775 1012 3833 y
1035 3757 1170 3831 Znazo‚
1199 3758 1257 3816 civi
1279 3758 1391 3835 Hispa·

72 3852 150 3928 lensi,
176 3867 206 3915 et
228 3855 380 3933 Hispalim
407 3858 571 3916 translatae
598 3858 629 3915 in
656 3857 777 3916 domum
803 3859 915 3934 ipsius,
943 3860 993 3917 nbi
1015 3859 1113 3918 adhuc
1135 3868 1300 3920 servantur.
1344 3859 1392 3919 lbi

72 3969 216 4033 postquam
244 3959 375 4035 amplius
402 3979 512 4018 annum
539 3960 689 4036 integrum
717 3961 845 4020 ineditae
866 3972 1089 4033 remanserunt,
1118 3963 1194 4021 vidit
1215 3981 1391 4042 cassinense

73 4056 168 4118 Martio
190 4081 216 4119 a
236 4059 316 4120 1872
339 4061 516 4120 Emmanuel
532 4053 715 4138 Berlanga
729 4062 929 4122 Malacitanus
950 4064 988 4134 is,
1011 4065 1060 4140 qui
1083 4074 1152 4123 ante
1168 4066 1274 4142 viginti
1296 4083 1391 4124 anuos

73 4161 176 4220 tabulas
196 4163 409 4222 Malacitanam
438 4173 466 4220 ct
489 4161 707 4242 Salpensanam
730 4162 780 4238 (C.
796 4165 821 4222 I.
837 4164 872 4223 L.
895 4165 1050 4228 ΙΙ,1963.
1070 4166 1167 4244 1964)
1193 4168 1308 4243 primus
1331 4166 1392 4225 edi-

73 4261 154 4334 derat,
175 4276 206 4323 et
227 4285 246 4323 a
267 4265 388 4322 domino
410 4275 534 4341 rogatus
558 4285 624 4325 cum
646 4266 777 4324 edendas
801 4285 851 4325 eas
874 4269 1067 4344 suscepisset,
1090 4280 1196 4326 octavo
1216 4288 1315 4329 mense
1331 4269 1392 4326 edi-

73 4365 169 4423 tionem
192 4367 327 4426 Malacae
354 4365 485 4425 absolvit
510 4367 588 4426 inter
613 4369 717 4426 turbas
744 4368 861 4439 civiles,
889 4387 966 4446 quae
991 4377 1024 4427 ut
1045 4372 1172 4447 patriam
1195 4390 1249 4446 per
1270 4369 1392 4447 aliquod

74 4471 202 4545 temporis
225 4470 354 4546 spatium
377 4469 558 4545 relinqueret
579 4471 661 4529 etin
676 4469 809 4529 Africam
830 4473 972 4548 migraret
985 4481 1154 4548 coegerunt.
1188 4473 1304 4531 Prodiit
1317 4473 1393 4531 liber

74 4587 161 4629 mense
176 4571 337 4631 Decembri
359 4591 385 4629 a.
403 4570 492 4644 1872,
515 4572 596 4650 typis
618 4593 656 4631 ex
676 4582 762 4650 parte
777 4591 927 4634 excussus
941 4574 1201 4648 Berolincnsibus,
1223 4575 1303 4653 apud
1317 4575 1392 4632 Arn-

75 4669 192 4732 bmsium
215 4673 317 4734 Rubio
339 4683 369 4732 et
390 4675 581 4750 Alphonsum
606 4673 690 4734 Cano
712 4676 863 4749 librarios,
885 4677 973 4735 titulo
995 4678 1052 4736 huc

215 4776 278 4836 Lot
306 4777 419 4834 bromus
447 4778 482 4834 da
505 4777 605 4836 Oaauc
631 4797 686 4853 qua
708 4779 828 4854 publicu
850 4779 969 4838 Maauel
989 4780 1149 4855 Radripuez
1176 4781 1210 4837 de
1231 4779 1392 4855 Berluapu.

215 4878 354 4938 Malacae
376 4877 681 4940 MDCCCLXXIII.
725 4881 752 4938 8.
777 4881 846 4940 mai.
870 4881 934 4958 (pp.
952 4881 1038 4958 256).

78 5067 267 5080 *Qu——

143 5198 165 5261 ¹)
193 5201 235 5252 Cf.
255 5201 308 5251 rol.
324 5201 352 5252 11
369 5219 394 5267 p.
409 5201 470 5252 191.
