3580 5938
530 579 686 640 Qvuusr.
708 579 925 631 onounrou.
945 581 970 630 1.
1366 534 1434 634 35'

332 743 694 826 meermannianam
714 752 876 824 Quirinalis
896 753 1027 812 Valerius
1042 753 1146 812 Festus
1168 754 1213 811 vir
1235 755 1334 814 clarus
1349 755 1415 813 aevi

412 852 589 930 Vespasiani
613 875 652 912 ex
667 853 774 913 Tacito
796 855 959 931 multisque
983 856 1076 914 titulis
1099 866 1203 928 notus3
1226 875 1302 933 quae
1316 856 1417 915 omnia

411 954 523 1014 indicat
544 956 724 1015 Mommseni
746 957 836 1015 index
858 957 1016 1016 Pliniauus
1039 979 1068 1036 p.
1085 958 1155 1016 427.

331 1057 361 1116 0.
381 1054 557 1134 Calpetanae
574 1059 699 1117 theorus
722 1057 836 1118 Romae
859 1060 884 1117 I.
900 1059 939 1118 N.
957 1060 1037 1118 6769
1053 1061 1138 1120 1116
1158 1061 1301 1121 laterculo
1322 1062 1416 1121 tribu-

411 1160 482 1218 lium
506 1162 600 1220 tribus
624 1159 797 1222 Sucussnae
820 1181 847 1221 a.
865 1161 913 1219 70.

332 1260 364 1319 C.
382 1262 556 1339 Calpetonus
572 1263 654 1321 Faor
675 1265 707 1322 iu
721 1265 831 1342 tegulis
854 1283 881 1322 6.
901 1264 958 1322 147
982 1265 1061 1342 apud
1077 1267 1237 1324 Matinium
1254 1267 1327 1325 Arv.
1346 1268 1414 1325 144.

332 1363 361 1422 O.
379 1363 458 1440 Co[l]
463 1375 584 1440 pelanus
599 1365 743 1425 Liuianus
759 1368 789 1425 in
804 1368 947 1425 mortario
963 1368 1147 1445 Pompeiano
1162 1370 1187 1427 I.
1204 1367 1243 1427 N.
1261 1369 1352 1438 6793,
1368 1369 1415 1428 17.

370 1465 411 1524 Hi
432 1475 495 1526 tres
518 1468 623 1526 ultimo
645 1469 712 1528 loco
734 1469 805 1527 dicti
826 1468 866 1527 ad
887 1468 1054 1528 clientelam
1077 1470 1182 1528 domus
1198 1470 1313 1530 Valerii
1333 1470 1416 1529 Festi

329 1578 456 1643 possunt
477 1571 668 1646 pertinuisse.

329 1668 418 1745 Quod
444 1672 475 1729 in
498 1670 656 1750 Calpetani
685 1675 806 1733 nomine
828 1674 907 1734 inest
929 1685 955 1734 et
976 1675 1119 1734 suffixum
1141 1675 1416 1751 frequentissimum

328 1783 375 1832 est
396 1774 426 1832 in
448 1775 617 1834 nominibus
632 1777 841 1854 geographicis
856 1775 1033 1853 Hispaniae,
1056 1778 1149 1836 veluti
1164 1778 1194 1836 iu
1214 1775 1308 1836 Callet
1325 1777 1416 1851 Osset,

328 1875 422 1934 Edeta
449 1877 587 1950 Toletum,
613 1877 750 1953 Herpetes
772 1880 931 1955 Indipetea,
959 1881 1123 1939 Ausetanos
1145 1880 1320 1939 Bastemmts
1345 1881 1418 1941 Car-

324 1990 447 2054 petanos
479 1977 650 2040 Cunetanus
674 1981 841 2040 Cessetonus
868 1971 1035 2042 Iaccetonua
1062 1982 1226 2041 Lacetanos
1254 1981 1417 2042 Laletanae

329 2080 385 2154 (de
412 2080 521 2157 quibus
549 2082 613 2141 dixi
640 2083 808 2142 Hermael
835 2103 863 2160 p.
889 2084 1014 2160 37766.)
1041 2085 1230 2143 Mauretania
1259 2083 1417 2144 Sedetanos

330 2183 519 2244 Suessetanae
545 2186 739 2258 Turdetonu93
769 2187 881 2246 similia
910 2186 1000 2245 etiam
1028 2187 1173 2246 Africana
1201 2185 1319 2246 Gallica
1345 2187 1417 2245 His-

330 2305 423 2361 pana,
458 2287 549 2346 veluti
582 2287 744 2365 Aquitanas
777 2288 940 2348 Gaditanus
972 2288 1198 2348 Gracurritanns
1230 2290 1418 2366 Ipoeditaaus

330 2389 493 2448 icositanus
516 2388 676 2449 Incitantus
703 2400 792 2468 atquc
819 2391 955 2449 derivata
983 2392 1020 2449 ab
1046 2391 1223 2468 oppidorum
1246 2391 1417 2450 nominibus

330 2491 393 2549 ini
415 2492 462 2549 vel
484 2496 509 2550 is
532 2492 737 2552 desinentibus
760 2493 918 2554 Accitanns
934 2493 1125 2553 Aruccitanus
1140 2493 1330 2552 Bilbilitanus
1346 2491 1417 2552 Soe-

332 2592 475 2654 taditanus
499 2592 658 2654 Subitonus
685 2594 830 2671 (sortasse
859 2617 883 2676 a³
900 2595 973 2656 Subi
996 2597 1133 2666 flumine,
1164 2595 1200 2655 cl.
1224 2593 1259 2654 C.
1280 2595 1305 2653 I.
1325 2593 1361 2653 L.
1385 2594 1418 2653 II

332 2694 426 2772 3297)
451 2695 645 2756 Subutitanus
665 2696 833 2756 Vessitanus
856 2699 924 2756 6116.
968 2697 1004 2755 16
1026 2697 1171 2774 Bithynia
1192 2699 1299 2756 flumen
1322 2705 1419 2756 estet

332 2807 436 2872 portus
453 2789 577 2859 thnac
591 2800 655 2858 sive
672 2790 792 2870 Κάλπης
808 2800 904 2858 dictus
926 2800 1112 2877 (testimonia
1129 2799 1198 2858 vide
1217 2800 1247 2858 in
1263 2799 1419 2858 Benseleri

333 2901 546 2976 ononrastico);
567 2902 806 2979 promonturiurn
827 2903 943 2961 Iberiae
965 2901 1060 2978 Calpe
1081 2912 1185 2961 notum
1207 2910 1263 2962 est.
1296 2899 1418 2961 Utrum·

332 3021 389 3078 qne
422 3023 530 3061 nomen
565 3013 650 3062 eruut
676 3004 806 3062 fortasse
832 3006 883 3082 qui
910 3003 1043 3063 Punicae
1073 3004 1254 3064 crediderint
1282 3005 1417 3081 originis.

335 3103 550 3165 Graeculorum
572 3107 650 3164 enim
673 3115 788 3165 tautum
810 3105 956 3178 doctrina,
980 3116 1013 3165 ut
1026 3107 1251 3166 Millenhoflius
1267 3107 1420 3184 perspexit

333 3207 476 3282 (deutsche
497 3208 768 3268 Altertltumslcunde
793 3210 806 3266 l
831 3228 860 3285 p.
883 3208 1038 3285 86144),
1060 3209 1258 3287 promunturii
1280 3210 1345 3267 eius
1366 3227 1418 3266 no-

334 3329 400 3369 men
422 3331 441 3369 6
461 3299 567 3372 κάλπις
589 3311 654 3370 sive
675 3300 769 3380 κάλπη
792 3311 947 3370 vocabulis
965 3309 1091 3370 Graecis
1109 3312 1244 3371 derivare
1261 3310 1366 3381 voluit,
1388 3311 1418 3369 id

333 3413 412 3489 quod
433 3413 561 3490 legimus
583 3414 615 3472 iu
636 3415 745 3473 Avieni
768 3432 840 3472 orae
861 3415 959 3472 marii.
982 3433 1010 3472 r.
1027 3413 1098 3487 348,
1121 3415 1200 3491 apud
1218 3414 1328 3473 Melam
1344 3411 1373 3485 2,
1390 3414 1418 3485 6,

335 3515 372 3574 95
395 3516 476 3574 etin
498 3514 622 3575 scholiis
645 3515 683 3573 ad
698 3517 870 3575 Iuvenalem
889 3517 935 3590 14,
952 3515 1026 3588 2793
1049 3534 1119 3574 nam
1140 3535 1231 3592 rupes
1253 3516 1308 3574 illa
1329 3515 1420 3593 longa

334 3627 363 3677 et
382 3619 532 3696 utrimque
554 3636 697 3694 praeceps
718 3625 807 3695 atque
827 3616 926 3677 ‘cavus
949 3627 1087 3694 teresque
1109 3614 1223 3677 urceus’
1246 3619 1310 3677 sive
1329 3613 1419 3676 ‘urna'

333 3723 453 3779 omuino
475 3719 634 3780 dissimilia
655 3731 733 3791 sunt,
756 3729 788 3780 ut
810 3721 996 3779 testabuntur
1016 3721 1068 3796 qui
1084 3721 1222 3791 viderint,
1244 3739 1339 3797 neque
1355 3738 1419 3778 om-

334 3823 403 3883 nino
426 3823 675 3899 quemadmodum
697 3841 787 3900 rupes
810 3823 1036 3900 qualiscumque
1060 3823 1227 3901 comparari
1241 3823 1339 3900 possit
1353 3839 1418 3880 cum

334 3944 421 3984 urceo
444 3945 556 3984 urnave
578 3925 626 3984 uel
649 3932 747 3984 stante
769 3925 817 3986 uel
840 3927 954 3984 iacente
976 3925 1135 4002 perspicio.
1176 3925 1288 3984 Verum
1310 3943 1418 3984 nomen

334 4027 403 4086 inde
431 4046 517 4086 suum
545 4028 699 4087 derivasse
724 4028 866 4088 familiam
890 4028 1021 4104 aliquam
1044 4029 1190 4104 plebeiam
1213 4027 1329 4086 Romae
1350 4026 1419 4086 inde

335 4149 352 4188 6
373 4131 495 4190 6666616
516 4131 579 4189 lere
601 4131 739 4208 septimo,
762 4149 941 4209 quamquam
963 4131 1028 4188 fieri
1050 4130 1169 4206 quidem
1191 4129 1297 4207 potuit,
1320 4139 1419 4189 tamma

334 4233 489 4310 probabile
516 4251 576 4292 non
604 4240 659 4292 cst.
704 4231 764 4293 Sed
789 4233 868 4292 idern
895 4242 923 4291 et
947 4233 1091 4292 suffixum
1120 4233 1209 4292 etiam
1234 4233 1265 4290 in
1287 4232 1419 4290 locorum

333 4335 505 4395 Italicorum
529 4336 697 4395 nominibus
719 4336 876 4411 reperitur,
900 4335 981 4394 velut
1002 4337 1033 4394 in
1052 4335 1198 4394 Arretium
1215 4335 1313 4394 Caieta
1327 4334 1420 4412 Nepet

334 4439 465 4498 Peucetio
486 4439 615 4498 Pometia
636 4439 763 4498 Soletum
786 4437 944 4514 Spoletium
967 4438 1088 4510 licetia,
1116 4438 1147 4496 in
1169 4437 1327 4496 Bubetanis
1350 4437 1421 4496 Coe·
1487 4459 1495 4468 ·

334 4545 439 4600 retanis
458 4539 628 4600 Cessetania
644 4539 737 4600 Plinii
753 4539 785 4614 (3
802 4539 819 4616 6
836 4539 889 4616 69)
911 4541 1041 4616 itemque
1059 4533 1230 4598 Tannetania
1246 4538 1280 4615 (3
1300 4539 1318 4616 §
1335 4538 1421 4617 116),

336 4644 451 4702 etiamsi
483 4643 535 4702 illa
566 4643 695 4702 fortasse
721 4659 780 4700 non
808 4643 889 4702 omni
917 4662 955 4700 ex
982 4649 1067 4719 parte
1096 4653 1176 4701 recte
1204 4643 1313 4701 tradita
1340 4649 1421 4714 sunt,

336 4745 404 4805 item
432 4747 460 4804 16
488 4746 594 4805 formis
616 4745 828 4804 adiectivorum
850 4745 1004 4822 Aepetinus
1025 4745 1158 4804 Aletinns
1181 4745 1339 4804 Alsietinus
1362 4743 1420 4800 Ar·
1488 4786 1493 4793 .

334 4853 443 4923 petinns
467 4847 619 4908 Neretinus
640 4848 799 4907 Veretinus.
844 4845 1056 4924 Comparanda
1082 4856 1150 4908 sunt
1171 4847 1319 4906 vocabula
1339 4845 1422 4904 velut

337 4950 463 5010 baustum
485 4952 624 5010 dumetum
647 4951 786 5009 lauretum
808 4959 934 5008 temetum
956 4949 1075 5008 similia.
1110 4949 1234 5008 Accedit
1256 4967 1421 5027 cognomen

337 5053 530 5131 magistratus
552 5052 708 5112 monetarii
731 5049 766 5111 C.
789 5052 914 5111 Mamilii
938 5051 1082 5111 Limetoni
1104 5050 1381 5127 (01161419),
1404 5069 1423 5107 6

339 5154 446 5229 limine,
475 5156 531 5214 dea
558 5155 744 5226 Limentono,
775 5156 936 5214 limitaneus
965 5154 1114 5214 adiectivo
1143 5155 1274 5214 fortasse
1301 5153 1421 5211 omnino

1178 5256 1218 5315 3·
