3530 5932
513 531 587 584 LEX
607 530 689 581 COL.
710 529 936 580 GENETIVAE.

411 1821 660 1898 APPENDIX
687 1818 1042 1898 COMMENTARII.

147 2104 232 2180 Quod
262 2125 356 2184 supra
384 2106 431 2185 (p.
450 2105 528 2182 106)
560 2106 624 2166 dixi
651 2107 690 2164 ab
719 2105 831 2166 editore
858 2123 958 2164 aerum
988 2101 1205 2162 Ursonensium
1235 2101 1395 2160 occasione

72 2207 134 2265 data
163 2209 229 2266 item
257 2209 370 2285 publici
395 2209 469 2268 iuris
491 2209 602 2267 sactum
624 2226 690 2280 esse
712 2209 908 2287 fragmentum
932 2205 1052 2265 tabulae
1075 2223 1180 2264 aereae
1203 2204 1327 2263 Italicae
1349 2225 1395 2262 re-

70 2321 193 2386 pertum,
217 2310 248 2370 id
270 2330 441 2389 quanquam
463 2311 604 2388 exiguum
627 2318 672 2370 est
693 2311 819 2386 ideoque
841 2329 901 2369 non
923 2309 1025 2388 magni
1047 2308 1149 2386 pretii,
1178 2315 1277 2366 tamen
1299 2308 1395 2366 visum

71 2421 112 2469 est
132 2431 191 2470 non
211 2413 408 2472 omittendum
432 2431 499 2472 esse
520 2414 551 2472 in
574 2413 630 2473 hac
651 2413 729 2491 legis
749 2411 932 2472 Ursonensis
955 2411 1096 2470 editione.

145 2515 251 2592 Itaque
272 2515 398 2574 Italicae
425 2515 491 2592 (qui
513 2517 602 2574 hodie
625 2517 709 2575 vicus
732 2525 778 2575 est
799 2515 973 2591 Sannponce
995 2513 1093 2572 dictus
1115 2531 1209 2590 prope
1232 2511 1395 2589 Hispalim,

72 2613 102 2674 C.
117 2617 140 2674 1.
156 2616 190 2674 L.
211 2617 244 2675 II
266 2636 298 2694 p.
313 2611 394 2692 ¹145)
422 2618 454 2676 in
480 2618 586 2678 mediis
613 2619 823 2697 amphitheatri
850 2617 1005 2696 parietinis
1017 2593 1054 2674 na.
1074 2615 1151 2675 1868
1180 2614 1320 2673 effossum
1348 2623 1395 2672 est

71 2719 261 2795 fragmentum
288 2720 419 2779 laminae
447 2739 569 2792 aereae,
600 2720 694 2781 lutum
722 2741 761 2780 m.
784 2720 871 2792 021,
904 2720 998 2778 altum
1021 2717 1108 2789 0.16,
1141 2737 1236 2794 paene
1266 2715 1394 2792 undique

72 2821 231 2894 effractum3
260 2841 330 2880 nam
360 2822 458 2881 dextri
486 2831 600 2882 tantum
629 2824 773 2902 marginis
799 2841 870 2900 pars
897 2821 1021 2880 inferior
1047 2823 1164 2898 integra
1191 2826 1311 2879 servata
1339 2825 1393 2876 est.

73 2921 169 2983 Servat
194 2924 320 3002 Hispali
346 2923 526 2985 Franciscus
549 2926 718 2986 Matthaeus
742 2925 838 3002 Gugo.
882 2924 1064 2983 Litterarum
1091 2923 1189 2981 forma
1216 2920 1321 2980 similis
1349 2929 1396 2979 est

73 3027 142 3096 eius,
169 3044 260 3103 quam
288 3028 371 3102 prior
398 3027 500 3086 tabula
520 3027 707 3088 Ursonensis
731 3036 891 3101 monst1·at;
919 3026 1034 3086 scilicet
1055 3025 1171 3084 videtur
1192 3033 1221 3082 et
1242 3025 1309 3101 ipsa
1331 3040 1414 3101 sae-¹

73 3128 123 3186 culi
144 3147 211 3188 csse
230 3129 321 3207 primi
344 3130 481 3189 exeuntis
501 3132 670 3191 ineuntisve
693 3131 825 3190 alterius.
858 3130 962 3188 Edidit
976 3127 1129 3204 Berlanga
1149 3147 1178 3204 p.
1197 3125 1302 3185 laiss.
1325 3124 1396 3183 libri

73 3231 114 3286 sui
135 3231 171 3290 de
192 3233 314 3291 aeribus
335 3231 563 3292 Ursonensibus
586 3233 703 3293 adiecta
725 3234 827 3292 tabula
851 3231 1056 3308 lithographa‚
1084 3249 1122 3287 ex
1149 3247 1208 3304 qua
1229 3247 1277 3286 vv.
1296 3229 1309 3285 l
1328 3225 1395 3284 ott

72 3333 147 3392 initio
175 3335 280 3412 paullo
307 3333 459 3410 pleniores
483 3333 618 3410 (scilicet
644 3336 752 3395 litteris
780 3335 941 3394 dimidiatis
969 3330 1092 3408 auctos)
1119 3330 1279 3408 descripsi3
1306 3329 1396 3388 etiam

72 3435 126 3492 τ.3
148 3445 295 3510 extremo,
318 3437 368 3496 ubi
391 3436 465 3495 nihil
487 3456 659 3513 comparere
682 3439 755 3497 dicit
768 3437 931 3515 Berlanga‚
952 3434 1056 3494 tabula
1076 3435 1180 3493 hastae
1202 3433 1291 3492 unius
1308 3433 1395 3491 vesti·

71 3537 142 3612 giam
165 3541 307 3614 praebet3
329 3546 486 3617 practerea
506 3559 577 3600 vero
599 3539 674 3600 nihil
697 3559 829 3618 unquam
849 3541 907 3600 hoc
923 3556 1013 3597 versu
1035 3537 1178 3613 scriptum
1201 3543 1274 3594 erat.
1312 3533 1397 3609 Quae

71 3649 176 3700 restant
198 3642 276 3700 haec
298 3653 383 3701 sunt:

554 4309 580 4350 n
607 4291 802 4353 lvnrceu
833 4308 988 4351 rari-vn

579 4409 659 4453 rvr
686 4410 833 4455 eonem
859 4409 990 4454 nono

544 4511 990 4569 enerovovrascrre

74 4905 251 4968 Particulam
273 4925 342 4969 esse
364 4907 453 4968 edicti
475 4906 524 4965 vol
546 4905 691 4983 epistulae
713 4925 752 4962 ex
771 4904 849 4963 vobis
872 4904 1029 4976 vocabulo,
1051 4902 1130 4981 quod
1152 4923 1180 4961 v.
1197 4901 1305 4961 dextr.
1327 4901 1397 4978 legi-

74 5017 127 5083 tur,
153 5025 235 5070 recte
257 5009 408 5090 Berlanga
435 5009 590 5069 conclusit.
635 5005 696 5068 Sed
721 5008 801 5084 quod
827 5006 1068 5064 constitutionem
1095 5005 1191 5064 fuisse
1213 5005 1399 5064 existimavit

75 5113 256 5190 imperatoris
277 5113 441 5185 Hadriani,
464 5129 525 5189 qua
545 5111 572 5170 is
593 5087 793 5188 munioipihus
816 5107 1025 5167 Italicensibus
1047 5107 1181 5167 coloniae
1203 5108 1250 5166 ius
1273 5107 1397 5178 dederit,

77 5215 164 5276 minus
190 5223 306 5278 certum
334 5224 389 5276 est
437 5213 573 5274 Primum
602 5213 682 5272 euim
711 5231 749 5270 ne
778 5210 854 5269 illud
882 5209 1001 5288 quidem
1020 5219 1111 5270 certo
1138 5209 1259 5288 probari
1287 5217 1397 5288 potest,
