3530 5932
368 571 439 642 156
678 565 680 574 ‘
937 589 1117 642 conseer:

363 763 392 820 d.
410 762 479 822 Oak.
497 761 564 838 Spr.
584 782 615 839 p.
632 761 699 838 93).
742 761 809 821 Hoc
830 781 902 821 vero
923 765 1048 840 antiqno
1070 763 1244 824 accusativo
1265 761 1391 823 Lucano
1412 787 1459 821 suc
1481 764 1682 842 comprobatur

364 884 432 923 mea
454 867 617 938 sententia,
646 866 736 924 etiam
760 887 863 948 canopo
885 865 914 922 in
938 865 1025 924 titulo
1047 866 1291 925 Mamertinorum
1312 866 1495 928 Messinensi
1521 885 1586 926 esse
1606 885 1684 926 acon

364 969 494 1027 sativum
516 968 591 1047 sing.
613 977 720 1041 neum,
742 968 868 1045 ideoque
890 969 982 1026 verba
1002 969 1082 1027 eius:
1105 966 1230 1045 [Στι]νις
1251 972 1369 1030 liuttere
1382 967 1544 1041 Σταπιηις,
1565 969 1684 1053 [Μαρῂε

363 1074 503 1138 licuntur
524 1064 688 1141 Navaebsac
717 1064 835 1152 μεδδειξ
857 1091 977 1130 ουπσενς
1009 1069 1105 1146 [ειν]ιμ
1135 1092 1218 1127 τουτο
1240 1074 1396 1154 Μαμερτινο
1419 1070 1618 1148 [desideum
1638 1095 1684 1128 rer·

362 1195 426 1256 stopo
449 1173 594 1250 (Momm.
620 1173 684 1232 Uut.
704 1173 788 1230 Diol.
805 1183 822 1230 t
841 1170 917 1245 XII,
938 1171 988 1243 39,
1004 1191 1037 1248 p.
1052 1172 1109 1231 193
1130 1173 1189 1249 sq.)
1211 1173 1392 1250 significare:
1417 1171 1533 1232 Stenitts
1554 1173 1684 1232 Koliaiut

364 1275 452 1334 Statii
473 1278 517 1352 f.‚
545 1275 651 1334 Morus
673 1275 822 1351 Pomptius
843 1274 1002 1333 Numisidii
1021 1275 1050 1349 f.
1071 1276 1212 1334 mcddices
1234 1280 1344 1352 operati
1364 1286 1430 1334 suut
1455 1287 1481 1335 ct
1502 1280 1602 1336 datas
1622 1275 1683 1334 llo·

362 1381 485 1434 mertim
499 1377 634 1454 Apollini
648 1395 771 1448 samm,
794 1395 883 1454 quam
900 1378 1021 1454 quidem
1041 1377 1316 1455 interpretationem
1338 1378 1428 1437 etiam
1445 1378 1514 1438 aliis
1528 1377 1684 1436 rationibus

362 1479 531 1539 confirmari
550 1479 598 1538 hic
617 1498 677 1538 non
696 1497 772 1556 opus
793 1489 849 1551 est,
870 1487 904 1537 ut
923 1497 1073 1555 exponam
1094 1478 1142 1554 (0.
1157 1480 1193 1540 Z.
1208 1481 1236 1555 f.
1258 1481 1347 1557 oerpl
1363 1479 1434 1559 Spr.
1450 1479 1583 1551 XVIII,
1605 1479 1684 1556 257)

362 1580 418 1640 llis
440 1581 531 1659 igitur
552 1582 740 1642 accusativus
762 1581 946 1658 pronominis
960 1581 1186 1642 demonstrativi
1202 1605 1248 1640 εκο
1263 1583 1362 1660 ipsum
1376 1582 1454 1642 illud
1467 1591 1684 1642 monumentum

363 1682 549 1742 demonstrat
574 1684 757 1760 indicatque,
785 1684 816 1741 in
844 1701 903 1762 quo
929 1685 1059 1761 scriptus
1086 1691 1146 1756 est,
1172 1693 1261 1762 atque
1283 1708 1329 1742 εκο
1351 1685 1543 1745 manifestum
1567 1693 1615 1744 est
1638 1684 1684 1742 ob·

361 1785 469 1844 iectum
482 1786 617 1846 eiusdem
632 1785 845 1845 enuntiationis
859 1784 957 1846 Oscae
973 1804 1051 1859 esse,
1068 1788 1154 1847 cuius
1169 1788 1334 1847 subiectum
1350 1787 1390 1845 sit
1402 1791 1438 1845 Α.
1453 1791 1579 1848 monae
1592 1789 1683 1844 Orac.

361 1886 427 1946 Iam
449 1907 519 1946 vero
540 1890 617 1947 hanc
639 1888 873 1948 enuntiationem
895 1889 1047 1948 continere
1074 1890 1204 1967 aliquam
1230 1889 1388 1949 dedicandi
1410 1889 1489 1948 sacri
1512 1888 1559 1948 vel
1585 1907 1683 1947 monn-

361 1991 454 2048 menti
474 1990 634 2049 formulam
655 1992 701 2050 eis
723 2009 770 2048 me
791 1990 879 2049 facile
902 1992 1097 2068 probaturum
1113 2008 1212 2070 spero,
1233 1991 1286 2068 qui
1307 2010 1368 2050 non
1387 1992 1537 2071 ignorant,
1560 1991 1592 2049 in
1613 1991 1684 2050 eins·

362 2092 444 2151 modi
471 2091 609 2154 formulis
634 2091 861 2170 inscriptionum
886 2091 1061 2152 Latinarum
1088 2102 1119 2152 et
1145 2091 1328 2154 Graecarum
1355 2094 1480 2153 verbum
1505 2112 1576 2154 cum
1603 2111 1684 2153 sensu

363 2193 462 2267 dandi,
485 2194 643 2255 dedicandi
666 2195 713 2254 vel
735 2195 932 2254 consecrandi
953 2196 1128 2272 saepissime
1150 2195 1295 2256 omissum
1317 2214 1395 2269 esse,
1417 2195 1462 2254 ita
1483 2203 1516 2254 nt
1537 2215 1579 2256 ex
1593 2195 1684 2254 animo

361 2297 525 2375 legentium
547 2298 746 2374 supplendum
768 2298 817 2356 sit.
854 2295 930 2356 Cum
951 2298 1123 2357 accusativo
1146 2297 1222 2375 sing.
1241 2305 1337 2356 nentr.
1360 2299 1547 2375 pronominis
1569 2297 1684 2358 demon·

362 2399 481 2458 strativi
502 2422 548 2456 εκο
572 2399 724 2458 artissimo
746 2418 853 2459 sensus
869 2399 990 2458 vinculo
1011 2400 1188 2459 coniunctus
1208 2408 1255 2459 est
1276 2400 1464 2460 accusativus
1484 2400 1620 2460 eiusdem
1641 2417 1684 2476 gs·

360 2502 441 2560 neris
464 2523 517 2559 πιω
540 2521 594 2578 pro
613 2501 732 2578 pio(m),
754 2503 856 2562 endem
879 2502 1019 2561 videlicet
1040 2504 1133 2579 stirpe
1155 2501 1300 2562 oriundus
1321 2511 1355 2562 ut
1375 2501 1444 2562 Lat
1462 2507 1556 2580 pium,
1579 2499 1682 2564 Sabell.

356 2607 426 2679 pio,
457 2601 532 2663 Osk.
552 2605 671 2680 pilisini,
701 2603 806 2664 Umbr.
824 2605 929 2680 pilatu
949 2604 1011 2663 alia
1038 2603 1090 2681 (C.
1112 2603 1189 2664 Krit.
1204 2605 1297 2664 Beitr.
1316 2625 1350 2682 p.
1367 2605 1428 2666 391
1443 2623 1486 2682 sq.
1524 2603 1683 2681 Ausetani,

362 2704 430 2764 342.
468 2707 517 2777 II,
539 2708 599 2765 ind.
621 2707 718 2765 vocab.
741 2707 784 2764 ed.
800 2705 848 2782 2).
892 2706 1046 2766 Habemus
1074 2707 1167 2784 igitur
1188 2705 1246 2765 duo
1271 2707 1380 2766 obiecti
1408 2725 1496 2767 casus
1518 2731 1574 2766 πιω
1588 2726 1682 2762 —rus

361 2831 398 2858 =
419 2807 528 2885 pio(m)
550 2833 591 2852 -·-
613 2807 720 2885 elco(m)
748 2810 949 2886 dependentes
976 2810 1013 2868 ab
1040 2808 1143 2885 aliquo
1165 2810 1256 2868 verbo
1277 2808 1361 2869 Osco
1389 2809 1495 2880 dandi,
1523 2805 1683 2874 dedicandi,

359 2910 568 2985 consecrandi,
590 2911 670 2988 quod
692 2911 892 2988 supplendum
913 2910 1039 2970 videtur.
1084 2911 1133 2970 Ex
1154 2931 1191 2971 eo
1211 2911 1353 2989 colligere
1375 2929 1551 2990 possumus,
1574 2911 1682 2969 litteras

359 3036 417 3071 aar.
441 3013 520 3072 inter
540 3013 728 3072 accusativos
750 3037 804 3070 πιω
820 3022 850 3072 et
864 3036 911 3070 εκο
933 3013 1050 3092 positas
1072 3013 1222 3073 continere
1245 3015 1368 3092 stirpem
1384 3014 1466 3072 vocis
1480 3011 1593 3084 Oscae,
1614 3030 1683 3088 quse

359 3125 389 3173 et
415 3115 485 3193 ipsa
511 3115 568 3174 hoc
594 3115 662 3174 loco
682 3115 744 3174 vim
765 3117 931 3175 accusativi
952 3116 1071 3174 habeat.
1115 3114 1317 3190 Quamobrem
1339 3138 1399 3174 αισ.
1421 3123 1524 3174 uotam
1546 3114 1683 3192 supplen-

358 3216 427 3275 dam
450 3218 591 3276 existimo
613 3216 707 3294 use(0)
730 3218 934 3277 accusativum
956 3219 1034 3294 sing.
1055 3225 1152 3276 neutr.
1176 3225 1389 3298 congruentem
1414 3235 1482 3276 cnm
1503 3240 1559 3274 πιω
1583 3227 1613 3275 et
1632 3237 1683 3282 aas,

358 3331 449 3395 atque
476 3319 565 3378 huius
593 3319 758 3379 accusativi
785 3338 908 3379 sensum
934 3319 1093 3379 enucleare
1120 3320 1216 3379 ausim
1245 3329 1420 3397 comparata
1440 3317 1597 3380 Sabellica
1619 3335 1683 3375 voce

359 3424 438 3479 uisos
461 3421 651 3495 sacrificium,
673 3419 817 3480 Umbrica
839 3441 927 3481 esaan
950 3421 1138 3494 sacrificinm,
1153 3420 1268 3481 Volsca
1289 3426 1462 3493 esaffstrom,
1485 3419 1572 3482 Osca
1592 3425 1683 3480 Aiser·

358 3527 418 3582 nim
440 3523 542 3600 oppidi
565 3523 694 3595 nomine,
720 3523 851 3584 Etrusca
872 3544 958 3583 cesar
978 3526 1052 3584 deus
1079 3521 1135 3598 (0.
1162 3523 1330 3601 Aesepus,
1351 3524 1431 3596 375,
1453 3525 1497 3583 cd
1513 3508 1569 3600 2)3
1596 3523 1637 3581 ita
1656 3533 1683 3579 nt

359 3623 453 3700 αισ(ο)
477 3627 699 3685 substantivum
721 3627 752 3684 in
774 3626 862 3686 titulo
883 3626 1032 3686 Dianensi
1054 3627 1202 3703 significet
1223 3644 1347 3686 suerum.

442 3726 492 3785 Ad
514 3728 638 3787 subiecti
661 3733 1043 3790 resuscitassemus
1063 3737 1093 3788 et
1114 3727 1222 3786 obiecti
1244 3746 1333 3787 casus
1355 3751 1408 3785 πιω
1431 3727 1525 3804 αισ(ο)
1552 3751 1600 3785 suc
1622 3745 1683 3804 snp-

358 3829 500 3908 plcndnm
521 3837 570 3889 est
583 3828 696 3890 Oscum
715 3832 840 3890 verbnm
863 3823 955 3897 δεδετ,
976 3831 1074 3889 deded.
1111 3830 1217 3906 Itaque
1239 3830 1403 3889 enuntiatio
1418 3827 1559 3890 Lucana:
1582 3837 1618 3888 A.
1633 3835 1682 3885 Aa·

356 3954 435 3992 πονις
455 3928 583 4010 [lassare
598 3937 686 3993 Οπιες
707 3955 761 3989 πιω
784 3931 879 4010 αισ(ο)
895 3955 941 3989 εκο
959 3925 1070 4009 (dadas)
1085 3931 1193 3991 Latine
1215 3934 1385 3992 coemenda
1406 3940 1466 3992 est:
1489 3932 1585 3992 Aulus
1600 3929 1682 3991 lam·

354 4037 463 4112 portius
484 4033 584 4111 Paqui
598 4034 682 4110 filias
705 4035 818 4112 Oppius
836 4039 920 4112 pium
941 4054 1055 4095 socrum
1076 4035 1129 4094 loc
1152 4033 1267 4111 (dedit).

440 4136 516 4194 Post
536 4137 612 4196 haec
633 4138 724 4196 rerba
745 4117 777 4196 in
798 4151 946 4196 marmore
967 4136 1116 4196 Dianensi
1143 4135 1255 4213 scripta
1279 4138 1411 4214 incipere
1436 4137 1569 4224 alteram·
1584 4133 1680 4195 inscri-

357 4239 470 4315 ptionis
497 4239 746 4311 enuntiationem,
775 4239 839 4316 ipse
866 4239 996 4318 lapicida
1022 4257 1058 4298 eo
1081 4239 1232 4298 iudicasse
1253 4240 1386 4312 ridetur,
1412 4239 1493 4316 qnod
1521 4247 1594 4317 post
1621 4255 1682 4314 pro-

356 4359 466 4399 nomen
488 4363 534 4398 εκο
556 4342 655 4420 spatio
676 4341 849 4401 intermisso
872 4359 1002 4418 sequens
1017 4341 1197 4400 vocabulum
1219 4341 1282 4400 eius
1298 4361 1317 4400 a
1331 4341 1454 4402 sinistra
1473 4351 1559 4420 parte
1580 4339 1681 4418 lapidis

357 4442 488 4502 scribere
511 4450 542 4502 et
562 4443 725 4504 maioribus
747 4444 817 4502 inde
838 4445 948 4503 litteris
971 4444 1014 4503 uti
1037 4444 1145 4522 coepit.
1181 4445 1217 4503 ln
1238 4444 1295 4502 hac
1315 4443 1407 4521 igitur
1429 4444 1507 4503 tituli
1528 4451 1615 4522 parts
1628 4443 1682 4498 Σα-

355 4541 433 4623 leffe
458 4545 538 4604 idem
559 4553 608 4605 est
628 4565 737 4605 nomen
759 4546 953 4624 quodetiam
974 4547 1005 4606 in
1027 4546 1116 4606 titulo
1138 4545 1301 4624 sepulcrali
1316 4544 1455 4606 Oumano
1474 4546 1597 4623 legitur:
1620 4541 1682 4603 Stu-

362 4651 412 4705 ties
435 4645 522 4706 Silies
545 4647 652 4708 Solous
676 4673 713 4699 =
738 4648 851 4708 Statius
879 4649 972 4708 Silius
1000 4646 1136 4720 Saluius,
1163 4647 1212 4706 nbi
1239 4647 1347 4707 Solous
1374 4667 1414 4707 ex
1441 4647 1544 4720 Solos,
1572 4647 1681 4707 Saluius
1760 4677 1761 4686 κ

356 4759 455 4808 ortum
478 4768 545 4809 esse
568 4749 771 4810 demonstravi
793 4770 812 4809 a
834 4751 932 4810 vocali
954 4751 1031 4810 inter
1054 4759 1213 4828 sequentes
1233 4758 1435 4810 consonantes
1456 4750 1632 4828 interposita
1652 4757 1682 4804 nt

355 4852 386 4909 in
409 4853 552 4927 arapetrcd
567 4877 604 4902 =
620 4862 742 4929 arpenta
761 4851 809 4929 (Z.
826 4856 854 4928 f.
870 4853 957 4929 verpl.
975 4851 1046 4929 Spr.
1063 4853 1105 4924 X,
1127 4852 1189 4912 325
1204 4871 1247 4930 sq.
1279 4851 1351 4925 XX,
1370 4854 1413 4913 97
1427 4871 1470 4929 sq.
1504 4854 1627 4931 Ausspr.
1640 4849 1681 4919 ΙΙ,

357 4951 426 5024 388,
449 4955 491 5011 ed.
511 4953 555 5030 2).
598 4953 744 5013 Ultimam
770 4954 977 5032 inscriptionis
997 4972 1101 5014 vocem
1119 4949 1198 5031 fate
1226 4973 1285 5014 non
1313 4954 1480 5014 mutilatam
1502 4973 1571 5014 esse
1592 4954 1678 5013 fracto

355 5053 457 5131 lapide
476 5055 523 5113 vel
538 5056 655 5115 debitis
670 5056 789 5129 litteris,
812 5077 848 5116 eo
870 5047 1062 5134 intellegitur,
1084 5056 1166 5134 quod
1187 5067 1258 5132 post
1278 5055 1410 5116 litteram
1431 5055 1548 5116 iinslem
1571 5057 1633 5115 eius
1653 5053 1679 5110 in

355 5163 482 5234 utroque
503 5159 678 5237 apographo
693 5157 839 5218 Mandelli
853 5179 980 5218 vacnum
994 5167 1120 5237 apparet
1140 5157 1230 5218 unius
1250 5157 1369 5219 litterae
1391 5160 1530 5238 spatium,
1550 5159 1601 5218 ubi
1621 5155 1679 5216 nul·

355 5259 418 5318 lum
440 5260 608 5338 scripturae
629 5261 838 5321 detrimentum
861 5269 990 5322 notatur.
1036 5241 1112 5320 Cum
1133 5260 1224 5338 igitur
1241 5257 1319 5339 fals
1343 5287 1381 5314 =
1406 5263 1470 5322 vols
1490 5263 1605 5340 integra
1624 5273 1678 5316 rox
