3580 5938
981 552 1132 613 HUBNER

637 731 800 790 Trebulana
821 733 955 791 Modesto
977 734 1086 793 ibidem
1110 734 1135 794 l.
1151 734 1192 793 N.
1211 733 1298 792 1724.

635 833 665 893 C.
679 833 885 911 Treb(ulanoe)
903 837 1026 896 Cerialis
1042 839 1071 895 in
1088 837 1241 915 signaculo
1253 834 1455 912 Neapolitano
1469 835 1494 892 1.
1507 833 1546 894 N.
1560 834 1654 906 6310,
1665 851 1712 904 nem
1780 881 1781 890 ,

716 937 758 995 ita
779 938 857 995 enim
879 939 997 998 videtur
1018 939 1194 998 solvendum
1216 958 1292 999 esse.

633 1037 784 1098 Trebulae
806 1041 960 1100 Mutuesca
981 1051 1011 1100 et
1034 1039 1147 1101 Suiena
1168 1039 1347 1102 Sabinorum
1371 1042 1482 1119 oppida
1503 1047 1574 1100 nota
1596 1051 1674 1098 sunt.

388 1135 564 1198 'Tmnnnvs
639 1141 779 1218 Graecum
800 1155 835 1212 te,
857 1145 972 1214 Albuci,
995 1163 1081 1220 qoam
1101 1147 1260 1204 Romanurn
1282 1157 1367 1222 atque
1389 1143 1536 1214 Sabinum,

636 1248 804 1320 municipem
824 1246 919 1318 Ponti,
946 1247 1066 1318 littori,
1089 1252 1288 1318 centurionum,

630 1349 848 1422 praeclarorum
869 1349 1010 1406 hominnm
1031 1369 1066 1408 ac
1084 1353 1244 1426 primorum
1264 1352 1488 1427 signiferumque

632 1451 760 1509 reciniati
780 1453 839 1510 dici
869 1450 1005 1510 Lucilius
1028 1453 1107 1529 apud
1130 1451 1304 1512 Ciceronem
1326 1453 1363 1510 de
1385 1452 1434 1510 fin.
1454 1452 1481 1525 1,
1497 1451 1560 1522 3,9
1585 1452 1657 1528 (inc.
1673 1451 1713 1508 lll

717 1553 827 1630 nnn).

638 1653 764 1732 Corpore
785 1675 864 1715 vesco
889 1659 941 1716 aed
961 1661 1070 1715 erimiis
1092 1657 1200 1716 uiridem
1226 1658 1372 1716 liitanum
1392 1647 1423 1715 in
1442 1659 1620 1733 gladiatorio
1643 1657 1713 1724 indo,

635 1756 807 1817 Samnitium
837 1769 986 1818 animatore
1019 1759 1167 1832 celebrem,
1195 1760 1343 1836 filiumque
1375 1763 1434 1818 eiua
1466 1759 1582 1816 militem
1614 1758 1715 1833 Mapni

633 1861 763 1937 Pompei,
791 1905 882 1920 .....
910 1871 1011 1921 auctor
1036 1872 1077 1922 est
1098 1863 1193 1920 Varro
1218 1866 1248 1920 in
1267 1864 1500 1938 prodigiosarum
1520 1864 1625 1920 oirinrn
1645 1861 1715 1918 relo-

633 1967 716 2036 tione,
738 1973 823 2040 atque
845 1969 931 2023 etiam
947 1966 1051 2025 lostam
1067 1966 1102 2023 ab
1118 1985 1148 2024 eo
1165 1985 1196 2024 ec
1208 1969 1411 2042 prouocatione
1426 1966 1605 2024 dimicantem
1620 1965 1715 2022 inermi
1781 1953 1782 2036 1

634 2067 748 2124 deutera
775 2086 832 2124 uno
859 2069 948 2144 dipito
976 2072 1151 2145 superatum'
1166 2077 1192 2125 et
1213 2078 1356 2144 postremo
1385 2077 1543 2143 correptum
1569 2071 1715 2125 incontra
1781 2071 1782 2084 ¹

633 2168 769 2227 tralatum
784 2169 901 2229 Plinius
917 2171 934 2228 i
957 2170 974 2246 fi
991 2171 1027 2229 81
1053 2169 1214 2230 secundum
1229 2170 1386 2228 lectionem
1401 2169 1587 2240 Detleieeni;
1610 2167 1648 2226 ei.
1665 2165 1714 2226 So-

632 2271 712 2330 linus
730 2275 756 2345 1,
773 2272 813 2330 tn
835 2271 901 2349 (ubi
920 2273 1087 2332 Tritannum
1108 2263 1245 2331 exlibris
1260 2272 1380 2350 scriptis
1395 2271 1602 2331 Mommsenus
1617 2269 1714 2338 dedit;

632 2375 713 2449 quod
739 2374 851 2432 ibidem
877 2361 976 2434 editur
1001 2387 1107 2435 natura
1129 2375 1283 2435 Samnitem
1309 2374 1524 2434 emendandum
1552 2393 1591 2432 ex
1616 2373 1714 2432 Plinio

634 2476 664 2532 in
686 2487 836 2538 armatura
858 2477 1038 2554 Samnitem).
1076 2551 1079 2557 1

674 2578 769 2638 Recte
795 2582 826 2639 ni
852 2580 942 2638 fallor
964 2580 1096 2639 Orellius
1124 2590 1272 2641 onomast.
1296 2581 1377 2639 Tull.
1406 2600 1435 2656 p.
1457 2579 1517 2640 585
1547 2578 1583 2637 de
1611 2578 1713 2637 eodem

633 2681 753 2741 homine
775 2683 928 2741 rettulisse
950 2685 1054 2742 statuit
1075 2693 1135 2742 tam
1152 2683 1299 2744 Lucilium
1322 2702 1411 2760 quam
1426 2683 1600 2742 Varronem.
1639 2679 1713 2739 Nam

635 2785 716 2860 quod
738 2765 908 2861 Madvigius
936 2805 1030 2862 nuper
1057 2795 1161 2846 contra
1188 2787 1265 2846 dixit
1289 2787 1320 2844 in
1343 2785 1474 2844 editione
1496 2785 1605 2844 celebri
1627 2783 1714 2842 libro·

627 2907 698 2945 rum
723 2887 759 2946 de
780 2888 901 2960 tinibus,
929 2888 1012 2946 illam
1035 2895 1162 2948 aetatem
1184 2907 1243 2947 non
1265 2888 1377 2947 vidisse
1398 2888 1594 2966 gladiatorem
1616 2895 1714 2944 centu-

633 2989 761 3064 rionem,
789 3009 848 3048 non
875 2997 955 3049 recte
981 3001 1053 3069 puto
1080 2991 1206 3058 obiecit.
1242 2989 1346 3050 Potuit
1371 2991 1450 3050 enim
1473 2989 1524 3068 qui
1547 2998 1637 3048 antea
1656 2989 1714 3065 gla-

633 3092 730 3152 dictor
751 3093 848 3151 suerat
869 3092 985 3170 etipse
1007 3103 1113 3168 postea
1135 3101 1321 3153 sacramento
1343 3092 1423 3152 dicto
1439 3093 1525 3152 miles
1541 3093 1616 3164 fieri,
1639 3091 1716 3150 simi·
1782 3111 1783 3152 t

634 3195 702 3252 liter
724 3205 758 3254 ut
778 3196 874 3254 filium
889 3195 953 3255 eius
972 3196 1096 3254 militem
1111 3195 1248 3272 Pompeii
1266 3195 1361 3255 fuisse
1376 3196 1592 3273 comperimus3
1614 3193 1715 3253 deinde

633 3315 704 3356 vcro
726 3316 763 3356 ne
785 3299 887 3356 dicunt
901 3298 1020 3374 quidem
1035 3296 1146 3357 Lucilii
1162 3300 1262 3371 verba,
1285 3317 1362 3376 quae
1379 3298 1614 3368 centurionibus,
1635 3315 1716 3375 prae

634 3399 724 3458 claris
745 3399 926 3472 hominibus,
949 3401 1138 3477 primoribus,
1161 3400 1313 3478 signiferis
1333 3400 1478 3460 Romanis
1494 3398 1644 3460 Graecum
1666 3417 1716 3474 op·
1782 3403 1783 3478 1

634 3510 756 3577 ponunt,
780 3503 938 3562 Tritanum
961 3503 1163 3562 centurionem
1185 3504 1286 3576 fuisse,
1308 3512 1341 3562 ut
1362 3502 1488 3562 Pontius
1510 3502 1563 3561 ille
1584 3503 1716 3562 centurio
1782 3493 1783 3554 1

634 3611 708 3676 erat,
729 3623 817 3682 quem
840 3607 951 3664 diserte
971 3606 1000 3663 Τ.
1020 3605 1154 3664 Pontium
1176 3609 1365 3666 centurionem
1387 3603 1494 3665 Cicero
1516 3605 1593 3664 dixit
1614 3623 1717 3664 eorun-

634 3707 701 3765 dem
724 3708 789 3766 sine
809 3708 899 3767 dubio
913 3707 1023 3766 Lucilii
1045 3727 1183 3768 versuum
1205 3727 1318 3768 memor
1332 3709 1363 3768 in
1379 3706 1494 3768 Catone
1512 3708 1559 3780 10,
1576 3709 1627 3768 33.
1663 3704 1716 3765 Ce

634 3819 728 3868 terum
755 3810 875 3869 natione
898 3809 1041 3870 Sabinum
1068 3811 1162 3870 fuisse
1184 3812 1342 3870 Tritanum
1366 3811 1466 3884 illum,
1495 3810 1636 3870 Pontium
1660 3808 1715 3866 lio·

634 3930 770 3985 manum,
798 3914 902 3971 eadem
929 3913 1037 3972 Lucilii
1066 3915 1156 3974 rerba
1186 3925 1288 3990 aperte
1316 3913 1457 3972 indicant.
1500 3911 1622 3972 Nomen
1650 3929 1715 3969 reru

634 4015 755 4074 aliunde
782 4035 841 4074 non
868 4025 986 4088 notum3
1014 4017 1128 4075 terendi
1151 4016 1238 4075 radix
1260 4017 1363 4093 aliqua
1382 4016 1498 4075 ratione
1517 4023 1621 4092 potest
1640 4032 1716 4074 com·

633 4119 733 4194 parari
748 4119 877 4194 itemque
893 4128 996 4178 tratum
1008 4117 1119 4178 Oscum
1134 4110 1312 4178 vocabulum
1327 4118 1403 4198 legis
1414 4117 1561 4176 Bantinac
1577 4117 1620 4193 (v.
1636 4115 1696 4191 15).

675 4219 766 4278 Trica
792 4227 877 4278 vetus
902 4219 1042 4278 Dauniae
1069 4222 1154 4292 urbs,
1183 4241 1272 4298 qnam
1300 4222 1357 4280 iam
1386 4220 1531 4280 delevisse
1553 4217 1715 4278 Diomedes

633 4322 807 4383 tradebatur
827 4325 971 4399 cuiusque
993 4343 1059 4382 cum
1074 4323 1194 4400 Apinae
1216 4343 1324 4383 nomen
1345 4323 1377 4381 in
1398 4323 1549 4398 proverbii
1570 4323 1714 4382 ludicrum

633 4443 752 4484 versum
768 4426 811 4484 ait
825 4425 943 4484 Plinius
960 4427 977 4483 3
993 4425 1084 4503 §104
1104 4426 1187 4502 (vide
1201 4425 1379 4485 Mommsoni
1393 4425 1464 4484 dial.
1480 4425 1518 4484 le
1533 4424 1585 4482 ini.
1610 4446 1637 4502 p.
1653 4423 1715 4499 91),

633 4528 756 4586 Tricani
788 4547 895 4588 nomen
928 4528 1015 4586 facile
1048 4528 1229 4604 explicarem
1262 4529 1316 4587 sed
1343 4529 1440 4587 locum
1471 4528 1559 4586 etium
1587 4527 1715 4604 aliquem

633 4638 736 4689 extare
758 4631 890 4706 potuisse
912 4629 1000 4688 Trita
1020 4630 1130 4690 dictum
1153 4632 1221 4707 quis
1244 4629 1416 4710 negaverit?
1613 4611 1623 4620 “

387 4730 570 4790 Tvnronnvs
638 4733 792 4792 llrticannc
814 4731 917 4791 Ovidii
944 4733 1078 4809 aequalis
1104 4742 1133 4791 ct
1155 4735 1267 4792 amicus
1295 4732 1349 4808 (ex
1371 4732 1468 4790 Ponto
1491 4733 1520 4803 4,
1543 4731 1592 4804 12,
1613 4730 1714 4799 20ss.;

718 4835 769 4907 143
789 4834 836 4907 12,
852 4835 922 4894 iis.
944 4835 991 4907 16,
1007 4833 1071 4911 ii),
1094 4837 1145 4911 qui
1165 4835 1362 4894 Phaeacidem
1386 4833 1517 4910 scripsit,
1539 4835 1582 4892 ita
1604 4831 1715 4908 simpli·

716 4939 789 4997 citer
810 4938 920 4996 dicitur
944 4937 1053 5014 ubique
1075 4939 1157 4998 nullo
1179 4957 1233 4996 uec
1254 4936 1446 5015 praenomine
1469 4955 1524 4994 nec
1545 4933 1714 5013 cognomine

716 5041 839 5099 adiecto.

616 5144 666 5203 ’0.
700 5143 855 5202 Tuticanur
888 5143 1003 5220 Sopiro
1035 5142 1151 5202 Romae
1182 5142 1214 5200 in
1247 5159 1351 5202 museo
1373 5141 1521 5200 Vaticano
1551 5141 1624 5218 pail.
1656 5139 1713 5213 lup.

715 5245 887 5324 parentii,
909 5246 1009 5304 bisin
1031 5245 1134 5305 eodem
1156 5245 1267 5322 lapide.
1310 5243 1396 5304 Vidit
1418 5243 1590 5304 Hennenus.
