3580 5938
373 578 418 646 14
961 599 1101 649 urrann

367 769 427 848 piei
459 769 644 829 dedicatione
673 769 847 846 Olympium
879 789 985 829 nomen
1016 771 1139 829 duxisse
1167 772 1394 848 imperatorem,
1427 772 1556 849 indeque
1587 773 1702 848 insigni

367 871 548 931 adulationis
573 891 680 948 genere
703 873 904 931 Athenienses
925 891 1032 932 novam
1055 873 1268 950 Olympiadnm
1292 875 1398 932 seriem
1420 876 1579 950 repetiisse
1600 875 1703 933 sciunt
1785 885 1786 932 l

368 993 481 1034 omnes.
521 973 1240 1052 DedicatumautemestOlympieuma.13'l.
1277 974 1324 1035 cf.
1348 973 1469 1035 Corsini
1490 977 1561 1036 lasti
1584 977 1701 1036 Atell
1785 1033 1786 1036 ,

367 1098 396 1155 p.
415 1078 473 1136 105
485 1095 549 1154 sqq.
595 1074 738 1154 Sequitur
759 1077 876 1135 titulum
899 1077 975 1134 inter
997 1096 1023 1134 a.
1043 1075 1101 1136 132
1117 1088 1146 1135 et
1164 1077 1220 1135 137
1244 1078 1374 1154 positum
1397 1097 1473 1136 esse.

367 1319 457 1376 XIII.
500 1318 537 1375 In
558 1317 619 1376 alia
639 1317 711 1376 Pac.
754 1317 802 1375 Ad
824 1337 1021 1376 marmoream
1043 1317 1130 1375 basin
1150 1317 1182 1374 in
1204 1314 1365 1378 Traianum
1388 1317 1549 1378 Caesarem
1571 1319 1651 1379 l'nll.

448 1482 638 1576 Αὐτοκράτορι
666 1493 671 1570 Ι
699 1481 807 1574 Νὲρουα
833 1491 966 1574 Τραιανῶ
992 1492 997 1568 l
1026 1483 1146 1574 Καίσαρι
1172 1482 1278 1574 ἇρῖπω
1305 1493 1310 1570 Ι
1337 1484 1486 1556 Σεβαστιῖ
1505 1495 1673 1577 Γερμανικυῖ
1695 1497 1700 1572 Ι

450 1595 567 1654 Δακικαῖ
586 1589 730 1678 Παρθικᾶἷ
750 1583 945 1677 χαριστήριον.

367 1770 401 1831 C.
418 1771 442 1830 l.
459 1768 550 1830 2178.
595 1766 695 1828 Oonze
716 1766 833 1826 Lesbos
859 1787 888 1844 p.
907 1767 943 1825 13
961 1767 1026 1840 lim,
1053 1769 1104 1844 qui
1130 1768 1260 1846 lapidem
1286 1790 1370 1830 muro
1397 1771 1524 1830 infixum
1550 1771 1701 1849 Mytilene
1787 1762 1788 1772 ¹

365 1874 482 1933 videtur
496 1873 618 1931 vidisse.
651 1869 788 1942 Videtur,
808 1869 940 1947 inquam.
974 1869 1053 1928 Nam
1070 1871 1170 1931 minus
1185 1873 1344 1958 perspicue
1358 1874 1410 1946 ait,
1431 1874 1509 1933 hanc
1522 1893 1614 1951 quam
1631 1875 1700 1951 lpse
1787 1867 1788 1946 ᾗ

365 1977 491 2036 vidisset
512 1975 599 2035 basin
620 1982 828 2052 praeterquam
850 1973 930 2049 quod
952 1991 1057 2032 versus
1078 1973 1179 2049 paullo
1202 1975 1289 2034 aliter
1310 1974 1398 2034 divisi
1420 1985 1449 2035 et
1469 1976 1609 2034 NERBA
1625 1977 1701 2053 (sic)
1787 1967 1788 2018 Ῐ

364 2099 421 2158 pro
445 2081 594 2136 ΝΕΡΟΥΑ
619 2076 760 2152 scriptum
782 2085 872 2147 esset,
894 2084 1033 2134 accurate
1055 2066 1212 2152 concinele
1231 2095 1296 2136 cum
1319 2077 1406 2136 titulo
1429 2076 1614 2138 (112178.
1658 2083 1701 2138 At

365 2182 444 2240 enim
466 2181 573 2240 mirum
595 2178 626 2238 ni
648 2176 793 2256 Cyriacus
816 2177 843 2235 R
864 2178 991 2236 sormam
1013 2185 1042 2236 et
1064 2167 1161 2256 Νὲρθα
1183 2178 1359 2255 scripturam
1382 2179 1656 2240 animadvertIsset.

448 2282 521 2342 tat
545 2285 663 2339 ΚΑΙΣΑ.
686 2301 713 2338 ν.
736 2280 861 2356 praefat.
879 2314 917 2323 —
940 2279 1065 2338 Positus
1088 2280 1192 2338 titulus
1215 2281 1291 2339 inter
1312 2282 1383 2340 anni
1402 2282 1459 2341 115
1482 2291 1597 2360 partem
1621 2285 1700 2344 alte·

364 2405 438 2458 ram,
460 2403 538 2462 quae
553 2383 686 2442 Traiano
707 2381 842 2441 Parthici
864 2399 1029 2458 cognomen
1051 2381 1119 2441 tulit
1139 2390 1169 2440 et
1191 2382 1260 2442 anni
1278 2383 1335 2442 117
1358 2401 1490 2443 mensem
1513 2387 1700 2462 Augustum,
1788 2436 1789 2462 y

364 2506 424 2565 qno
454 2496 588 2545 mortuus
614 2495 669 2544 est.
718 2482 765 2544 CI.
792 2484 940 2543 Dierauer
968 2485 1036 2543 hist.
1065 2484 1189 2542 Traiani
1215 2486 1245 2542 io
1273 2484 1444 2562 Buedinger
1470 2485 1654 2546 Untersueh.
1684 2489 1699 2546 I
1788 2517 1789 2564 j

367 2591 425 2650 166
437 2609 481 2667 sq.
505 2591 572 2648 adn.
590 2589 618 2648 6.

362 2831 448 2891 XIV.
493 2830 528 2888 lu
549 2829 658 2906 templo
679 2828 758 2887 beati
780 2828 915 2887 Antonii.

935 2987 970 3044 ‘0
992 2983 1111 3064 ὶ[ᾶ]αος

442 3086 635 3178 αὐτοκράτορα
656 3084 786 3177 Τιβέριον
814 3088 946 3175 Καίσαρα
973 3083 1140 3158 addacem,
1167 3085 1258 3148 παῖδα
1285 3086 1349 3154 Δίος
1378 3086 1523 3178 Xm'mpoc
1542 3088 1696 3160 Ὀλυμπῖω

442 3187 627 3273 Σεβάστ[ω],
649 3198 738 3253 κοῖνον
760 3183 808 3262 μὲν
829 3195 882 3254 τᾶς
904 3188 1091 3269 οἷκ[ου]με’νας
1113 3185 1324 3278 e[tl]ep‘ye'[rm·]‚
1347 3197 1399 3256 τᾶς
1421 3185 1451 3252 δὲ
1474 3185 1571 3265 ἆμμας
1593 3189 1699 3258 πόλιος

441 3290 666 3376 ἐπιφανέστατον
686 3288 735 3355 καὶ
756 3288 882 3355 arietes.

358 3477 556 3532 ΣΕΒΑΣΤΟΝ
584 3472 788 3532 accusativum
815 3471 846 3527 In
872 3470 1043 3548 genetIvum
1071 3469 1202 3542 correxi3
1228 3489 1312 3528 error
1337 3481 1459 3546 propter
1487 3473 1698 3534 accusativum

357 3577 494 3655 proxime
523 3583 696 3650 sequentem
717 3573 817 3631 facilis
840 3580 912 3630 erat.
958 3573 1175 3628 assereret
1198 3573 1318 3648 scripsit
1339 3573 1479 3632 librarius
1502 3573 1696 3651 syllabarum

357 3678 551 3738 similitudine
573 3677 724 3754 deceptus.
757 3673 869 3734 Nescio
891 3692 952 3750 qua
972 3672 1164 3751 potissimum
1182 3693 1215 3732 re
1230 3673 1369 3733 Tiberius
1386 3675 1423 3734 de
1437 3676 1697 3752 Mytilenaeorum

357 3781 478 3842 cititote
500 3780 623 3839 meritus
644 3777 748 3848 luerit;
771 3777 905 3836 sednon
928 3777 959 3834 in
982 3775 1153 3834 uniuersum
1175 3795 1242 3834 eum
1263 3777 1381 3836 landari
1404 3788 1536 3855 apparet.

356 4020 426 4081 XV.
466 4015 593 4079 ¹¹Atticae
614 4017 838 4094 antiquissimae
860 4009 1000 4076 litterae’.
1036 4013 1135 4074 Locus
1158 4016 1207 4075 ubi
1229 4026 1364 4093 repertus
1387 4017 1426 4076 sit
1447 4035 1507 4076 non
1527 4018 1695 4095 indicatur,

399 4123 452 4182 sed
466 4121 649 4202 praecedunt
670 4120 749 4180 tituli
771 4119 952 4197 Mytilenaei.

753 4284 894 4354 Ἀμεινίας
914 4282 1110 4376 Λυσικράτους
1130 4287 1286 4362 Ἀθηναῖος

357 4468 451 4530 Cuius
474 4471 581 4529 aetads
603 4470 718 4528 litteras
740 4469 887 4546 sIguifloet
909 4465 1057 4543 Cyriacus
1080 4467 1196 4542 ignoro.

355 4709 441 4770 XVI.
484 4709 521 4768 In
543 4709 646 4769 tabula
667 4726 843 4768 marmorea.

355 4857 391 4943 ln
417 4885 475 4942 hoe
500 4885 587 4943 titulo
614 4891 665 4942 aut
691 4881 870 4960 explicando
898 4890 950 4939 aut
974 4881 1158 4941 emendando
1180 4883 1224 4940 ita
1244 4883 1343 4941 oleum
1365 4887 1395 4939 et
1415 4900 1538 4958 operam
1560 4885 1692 4962 perdidi,

357 4996 446 5045 utne
469 4986 524 5044 hoe
546 4986 664 5062 quidem
688 4993 870 5062 compertum
894 4983 1030 5054 habeam,
1053 5002 1130 5060 quae
1148 5003 1196 5044 res
1211 4993 1326 5064 agatur.
1359 4983 1508 5043 Videntur
1523 4987 1691 5048 architecto

354 5087 471 5146 cuidam
497 5108 536 5146 ex
562 5095 684 5146 senatus
710 5085 873 5163 populique
895 5085 1071 5145 auctoritate
1095 5119 1132 5128 -
1156 5087 1187 5145 id
1209 5087 1291 5164 quod
1316 5087 1478 5146 ostendunt
1500 5089 1692 5166 praescripta

355 5189 447 5247 verba
473 5183 583 5266 ἀγαθῇ
602 5178 684 5264 τύχῃ
713 5221 751 5232 -
773 5197 934 5264 praecepta
960 5186 1039 5259 dari,
1069 5195 1102 5246 ut
1126 5189 1228 5248 nescio
1254 5189 1369 5248 fossam
1396 5207 1433 5246 an
1456 5191 1535 5248 viam
1560 5209 1598 5248 au
1621 5211 1692 5252 mu-

354 5310 418 5349 rum
441 5299 589 5350 vetustate
610 5290 729 5366 lapsum
751 5290 919 5350 dirutumve
940 5289 1083 5350 reficeret.
1117 5289 1245 5350 Frustra
1265 5311 1303 5350 cx
1318 5289 1413 5350 titulis
1429 5291 1690 5370 scriptoribusque
