3550 6082
501 520 717 572 rnrvnucm
736 519 908 570 uroruvn.
1294 496 1366 565 463

90 694 228 772 Diploma
253 693 424 767 confirmat,
453 696 534 770 quod
561 695 604 752 ait
630 693 689 754 Dio
718 695 767 765 53,
793 694 844 765 17,
872 710 928 751 nos
955 701 1055 750 autem
1085 691 1182 749 adhue
1209 709 1267 748 non
1297 693 1368 748 sutis

53 797 279 869 attenderemus,
302 797 491 874 proconsulis
514 797 632 856 nomine
654 803 850 874 imperatores
874 815 893 852 a
914 795 1046 853 Traiano
1068 795 1138 852 inde
1160 793 1274 850 tamdiu
1296 808 1368 848 usos

54 917 119 970 esse,
140 899 283 974 quamdiu
303 908 389 957 extra
403 901 503 958 urbem
527 896 674 974 essent¹);
696 919 764 958 nam
780 898 861 975 quod
883 898 1071 974 proconsulis
1087 895 1251 973 appellatio
1266 894 1370 951 Marco

55 1021 105 1058 non
127 1002 223 1073 datur,
253 1002 340 1060 datur
360 1002 465 1072 Lucio,
489 1005 637 1078 pertineat
658 1021 780 1061 necesse
801 1011 848 1059 est
869 1001 906 1058 ad
929 1001 1041 1058 bellum
1064 1019 1099 1060 eo
1121 1009 1255 1074 tempore
1276 996 1371 1054 Lucio

55 1106 119 1162 duce
140 1113 245 1162 contra
259 1103 389 1162 Parthos
411 1112 538 1182 gestum.
581 1103 1101 1180 Ipsatemporarecteconveniunt.
1150 1100 1228 1159 Nam
1244 1099 1370 1158 Lucium

54 1225 110 1262 curn
134 1215 250 1264 constet
277 1217 383 1282 quater
408 1208 440 1264 in
467 1206 591 1266 Oriente
617 1209 743 1266 hiemem
770 1208 869 1283 egisse
897 1205 973 1281 (vita
995 1205 1068 1262 Veri
1090 1223 1114 1262 c.
1132 1203 1180 1280 7),
1207 1202 1372 1280 profectum

56 1319 141 1366 autem
176 1327 243 1368 esse
276 1308 426 1385 aliquanto
460 1320 528 1386 post
555 1319 707 1386 acceptum
734 1311 890 1386 imperium
918 1329 945 1367 a.
972 1308 1040 1380 161,
1070 1307 1149 1383 quod
1176 1305 1286 1364 dudum
1316 1304 1373 1361 viri

55 1411 122 1468 docti
151 1419 319 1470 statuerunt
345 1413 458 1471 exiisse
486 1432 553 1470 eum
581 1431 608 1468 a.
634 1411 706 1484 162,
733 1431 886 1470 reversum
913 1429 980 1470 esse
1008 1430 1035 1468 a.
1061 1409 1135 1482 166,
1161 1410 1211 1467 lex
1232 1409 1305 1464 haec
1330 1406 1373 1463 ita

55 1513 212 1585 confirmet,
247 1521 280 1572 ut
311 1534 370 1573 non
403 1523 472 1574 ante
506 1534 638 1576 mensem
672 1515 813 1572 Martium
841 1536 868 1572 a.
894 1514 951 1572 166
983 1513 1111 1571 Romam
1145 1532 1212 1572 eum
1244 1510 1371 1567 rediisse

55 1617 188 1675 ostendat.
234 1615 337 1674 Rediit
363 1627 461 1676 autem
489 1619 592 1694 paullo
617 1628 688 1694 post
713 1635 806 1692 eoque
833 1626 982 1695 tempore,
1010 1615 1124 1674 scilicet
1149 1614 1292 1689 triumphi
1314 1613 1371 1670 acti

56 1719 88 1775 ob
112 1720 189 1777 bella
213 1719 427 1779 Armeniacum
455 1733 484 1778 et
512 1721 684 1780 Parthicum
716 1721 843 1778 feliciter
869 1731 1004 1799 peracta,
1030 1729 1099 1778 ante
1127 1718 1203 1776 diem
1231 1719 1307 1792 Aug.
1331 1714 1370 1772 23

55 1821 176 1880 eiusdem
205 1824 292 1894 anni,
325 1831 358 1879 ut
386 1841 477 1901 supra
504 1823 548 1900 (p.
572 1821 632 1882 462
660 1829 721 1880 not.
744 1823 776 1898 7)
804 1825 918 1893 monui,
953 1824 1150 1899 imperatores
1178 1828 1208 1878 et
1234 1826 1371 1895 quartam

55 1923 288 1982 acclamationem
321 1926 544 2000 imperatoriam
571 1926 756 1984 admiserunt
788 1935 817 1983 et
842 1925 952 1985 Medici
980 1924 1225 2002 appellationem,
1252 1921 1371 1978 Marcus

56 2037 195 2102 praeterea
217 2046 328 2086 nomen
350 2027 484 2086 Parthici
507 2028 638 2086 maximi.

57 2213 248 2224 ————....

126 2337 148 2402 ¹)
167 2339 288 2404 Exposui
313 2339 344 2388 de
368 2339 417 2390 hac
441 2339 603 2404 proconsulis
628 2339 800 2404 appellatione
824 2339 942 2390 sollemni
963 2338 1032 2399 (nam
1052 2353 1099 2388 usu
1118 2337 1216 2402 vulgari
1236 2351 1292 2386 eam
1312 2351 1371 2386 con-

59 2439 101 2478 stat
126 2438 272 2496 perpetuam
302 2433 398 2482 factam
426 2447 481 2482 esse
509 2433 650 2496 imperante
679 2433 786 2494 Severo)
815 2429 1015 2492 scrutaretur,
1038 2431 1100 2480 736.
1126 2431 1187 2480 793.
1213 2431 1296 2490 1067;
1327 2429 1372 2477 sed

57 2537 135 2572 vereor
153 2539 185 2574 ne
205 2525 233 2574 in
254 2527 449 2587 coenaverim,
471 2525 540 2590 quod
558 2524 689 2588 antiquam
706 2525 916 2575 consuetudinem
936 2526 963 2574 in
982 2524 1045 2589 ipsis
1064 2523 1162 2588 legibus
1182 2523 1214 2571 ab
1234 2523 1371 2586 imperato·

58 2614 118 2664 ribus
142 2617 207 2666 datis
228 2626 288 2668 ante
312 2619 339 2666 in
365 2618 558 2686 desuetudinem
583 2618 677 2668 abiisse
703 2619 792 2679 statui,
825 2633 901 2682 quam
926 2617 1103 2667 Diocletianus
1132 2617 1279 2665 universum
1308 2613 1373 2662 illud

59 2705 137 2756 ltaliae
160 2711 403 2775 provinciarumque
428 2711 567 2759 discrimen
591 2711 700 2759 tolleret.
738 2710 805 2760 Nam
826 2710 1006 2774 Philipporum
1030 2710 1138 2758 duonum
1163 2708 1230 2772 leges
1252 2708 1327 2756 datae
1347 2709 1372 2756 d.

60 2799 173 2850 ¹18.Dee.
195 2804 246 2853 247
269 2809 294 2851 et
314 2805 338 2852 7.
358 2803 415 2852 Ian.
436 2805 487 2852 248
513 2819 571 2853 cum
594 2801 662 2868 patri
680 2803 888 2867 proconsulatum
907 2803 1028 2864 tribuant,
1052 2801 1107 2850 filio
1127 2807 1227 2864 negent,
1247 2815 1279 2850 ex
1300 2816 1372 2849 num-

61 2893 101 2942 nis
117 2901 198 2944 autem
220 2901 319 2946 constet
337 2895 474 2960 Philippos
493 2911 560 2945 anno
581 2897 632 2946 248
654 2895 822 2946 Germanicos
844 2896 972 2945 maximos
992 2894 1117 2958 Carpicos
1137 2894 1264 2942 maximos
1285 2893 1372 2958 appel-

60 2985 116 3034 latos
139 3002 192 3038 esse
216 2987 328 3048 (Eckhel
353 2987 378 3049 7,
400 2987 471 3049 323),
498 2987 676 3052 probabiliter,
702 2995 729 3037 ut
754 2988 847 3038 dudum
872 2988 972 3036 monuit
996 2987 1177 3036 Tillemontius
1198 2985 1222 3047 3,
1238 2985 1300 3048 268,
1321 3001 1372 3050 quo

60 3085 161 3142 ternpore
184 3082 254 3144 leges
280 3095 325 3128 eae
349 3081 423 3130 datae
449 3087 515 3142 sunt,
543 3087 615 3146 pater
640 3087 684 3130 aut
702 3097 760 3130 cum
775 3081 910 3131 Germanis
930 3087 974 3128 aut
993 3094 1050 3128 eum
1071 3079 1162 3143 Carpis
1181 3078 1276 3127 bellum
1294 3079 1373 3142 gessit

61 3169 106 3218 llio
123 3187 200 3236 puero
214 3173 314 3223 Romae
333 3174 438 3235 relicto;
464 3189 539 3238 quam
559 3174 730 3223 coniecturam
751 3188 815 3238 quae
839 3178 972 3237 praeterea
991 3173 1022 3220 de
1044 3173 1076 3220 iis
1095 3171 1168 3220 bellis
1187 3171 1282 3219 tradita
1301 3185 1372 3220 acce-

61 3263 133 3324 pimus
157 3266 236 3314 exilia
263 3271 288 3314 et
312 3267 459 3330 perturbata
485 3264 612 3326 (Zosimus
636 3267 659 3328 1,
680 3268 727 3329 20;
758 3265 894 3330 Dexippus
918 3265 949 3314 lr.
977 3261 1026 3313 176
1050 3263 1145 3326 Dind.;
1172 3263 1289 3313 iordanis
1314 3263 1372 3314 Get.

64 3355 166 3419 16-18)
182 3359 290 3408 omniuo
309 3359 455 3408 admittunt·
