3530 5932
396 531 468 600 170
499 568 501 580 »
967 548 1143 602 consens:

434 723 522 781 Tunc
549 725 642 800 igitur
670 723 818 782 duumviri
840 722 1036 800 Pompeiani,
1062 697 1115 799 bui
1142 741 1181 780 ex
1208 721 1400 780 decurionum
1427 721 1548 780 decreto
1575 724 1697 780 mensuris

433 826 639 902 exsequendis
666 835 840 902 praeerant,
868 826 1016 884 vocabula
1041 823 1124 883 Osca
1152 843 1355 882 mensurarum
1383 825 1573 901 antiquarum
1601 823 1697 900 scalpro
1750 843 1751 932 p

433 929 516 987 eradi
537 929 699 988 iusserunt.
744 926 803 988 Sed
825 947 885 986 non
907 938 1021 987 tantum
1047 926 1175 1004 profecit
1195 926 1325 1003 lapicida
1344 926 1377 985 in
1397 927 1457 984 hoc
1479 925 1647 984 devastandi
1664 926 1697 982 la·
1750 935 1751 958 ¹

431 1031 514 1103 bore,
536 1038 649 1090 utnon
671 1030 761 1090 trium
784 1030 997 1089 vocabulorum
1020 1039 1119 1089 certae
1140 1028 1306 1086 litterarum
1328 1029 1486 1105 relliquiae
1508 1037 1654 1087 restarent

514 1132 650 1192 Primum
673 1151 736 1207 vae,
758 1134 810 1192 ubi
832 1153 850 1191 a
869 1133 977 1191 dextra
998 1141 1083 1210 parte
1105 1149 1260 1188 numerare
1280 1130 1438 1208 inceperis,
1461 1130 1550 1208 idque
1570 1131 1697 1188 maximae

432 1237 608 1313 capacitatis
629 1235 779 1314 quomodo
801 1234 984 1314 appellatum
1006 1234 1046 1292 sit
1067 1253 1086 1291 a
1108 1230 1301 1305 Samnitibus,
1327 1232 1418 1292 nullis
1441 1225 1604 1290 litterarum
1624 1233 1697 1290 resti·

432 1338 490 1414 giis
513 1338 670 1398 indicatur.

747 1641 870 1716 dlasils
1258 1662 1320 1720 bes.

514 1779 568 1859 Ad
585 1799 705 1859 tertium
726 1817 781 1858 vas
804 1811 925 1860 exstant
946 1801 1067 1877 quidem
1088 1799 1256 1858 litterarum
1277 1817 1364 1856 rarae
1385 1796 1533 1874 quaedam
1555 1796 1698 1872 relliquiae,

432 1902 485 1960 sed
507 1920 560 1960 eae
582 1910 641 1961 tam
664 1903 773 1962 dubiae
795 1911 825 1961 et
845 1904 1007 1962 maximam
1029 1910 1145 1978 partem
1168 1900 1325 1974 evanidae,
1353 1911 1385 1959 ut
1410 1899 1484 1958 nihil
1510 1900 1583 1958 certi
1610 1919 1644 1956 err
1664 1899 1698 1954 eis

430 2005 468 2062 de
489 2005 609 2063 nomine
630 2005 720 2063 huius
742 2023 900 2063 mensurae
922 2005 1026 2081 colligi
1046 2005 1151 2082 possit.

419 2167 423 2184 ι
513 2126 563 2183 Ad
584 2133 723 2203 quartum
744 2126 915 2204 appositum
938 2135 984 2185 est
1005 2124 1196 2184 vocabulum:

745 2261 891 2337 kl'llnllls
1259 2269 1367 2362 χοῖνιξ.

514 2419 564 2524 Ad
586 2420 721 2497 quintum
744 2420 872 2498 denique
894 2438 948 2480 vas
970 2419 1085 2480 incisae
1107 2419 1206 2478 adhuc
1227 2425 1374 2497 apparent
1394 2417 1527 2478 litterae:

745 2557 867 2633 sebsllr
883 2615 891 2630 .
909 2613 934 2649 .,

429 2714 474 2774 ita
493 2723 528 2774 ut
548 2707 660 2792 post'lt
678 2727 742 2775 'une
761 2717 809 2775 vel
829 2716 907 2775 duae
928 2715 1047 2774 litterae
1068 2714 1184 2774 deletae
1205 2731 1273 2773 cese
1293 2714 1461 2774 videantur.

470 2882 552 2942 Dedi
574 2885 648 2942 haee
670 2901 875 2943 mensurarum
899 2882 1045 2942 vocabula
1065 2902 1104 2942 ex
1125 2882 1242 2960 ectypis
1265 2891 1294 2940 et
1316 2882 1513 2960 apographis,
1539 2899 1615 2958 quae
1635 2877 1702 2937 misit

386 2983 423 3044 G.
454 2985 491 3044 de
519 2985 621 3059 Petra,
658 2987 839 3064 comparatis
875 2985 1056 3064 apographis
1092 3004 1110 3042 a
1146 2985 1204 3042 Th.
1241 2985 1408 3043 Mommsen
1444 3001 1540 3059 nuper
1577 2982 1699 3058 acceptis.

385 3088 501 3146 Dlusir's
523 3077 633 3165 scripsi
655 3107 722 3146 curu
744 3089 842 3146 Mane.
864 3098 896 3146 et
917 3088 1066 3160 Momms,
1089 3086 1126 3144 de
1148 3086 1252 3146 Petra:
1276 3089 1377 3146 diesis.

470 3189 660 3250 Vocabulum
684 3191 784 3268 quarti
806 3191 889 3250 vasis
911 3189 1027 3248 kdintlcs
1049 3190 1180 3248 Mancini
1203 3191 1267 3248 sine
1290 3189 1382 3248 dubio
1405 3198 1484 3248 recte
1506 3189 1701 3264 interpretatus

386 3302 433 3351 est
453 3284 595 3374 χοῖνιξ,
617 3292 758 3370 quoniam
775 3291 856 3351 Osca
876 3293 977 3350 littere
991 3293 1010 3349 k
1024 3311 1079 3370 pro
1096 3289 1215 3350 Graeca
1230 3314 1259 3368 χ
1279 3293 1368 3350 etiam
1391 3293 1422 3350 in
1436 3291 1614 3368 cognomine
1627 3289 1702 3346 Pom·

385 3395 494 3470 peiano
516 3394 612 3453 loris:
649 3393 820 3453 Meelr'lciier'a
841 3413 896 3471 pro
926 3386 1079 3472 Μειλιχίου
1117 3395 1230 3470 scripta
1265 3412 1300 3451 ac
1320 3393 1514 3470 pronuntiata
1546 3402 1601 3452 est
1632 3391 1700 3449 ldenr

386 3497 432 3555 vir
446 3497 552 3556 doctus
569 3497 729 3569 intellexit,
751 3497 782 3554 in
799 3516 871 3556 voce
887 3497 1000 3568 diociis,
1022 3514 1083 3573 quo
1099 3496 1229 3556 secunda
1244 3513 1384 3554 mensura
1399 3495 1596 3572 significatur,
1616 3494 1700 3551 inesse

386 3599 509 3675 stirpem
532 3600 647 3657 numeri
667 3599 778 3658 binarii
799 3600 859 3670 cli-3
882 3598 936 3658 sed
951 3599 1111 3675 quominus
1126 3599 1282 3658 credamus
1300 3616 1364 3656 eam
1380 3616 1448 3656 esse
1463 3598 1594 3676 simplex
1608 3613 1699 3657 nomen

385 3717 450 3758 oum
475 3717 565 3758 seusu
588 3699 699 3761 Graeci
720 3694 851 3768 διίιλοος,
876 3699 979 3758 Latini
1001 3701 1107 3777 duplus
1129 3700 1177 3760 vel
1199 3701 1318 3777 duplet,
1345 3701 1465 3760 obstare
1487 3700 1615 3771 videtur,
1635 3693 1701 3772 quod

386 3820 440 3860 nec
462 3800 572 3862 Graeci
594 3821 648 3862 nec
669 3804 799 3863 Romani
821 3803 871 3862 his
892 3803 1047 3862 adieetivis
1074 3805 1232 3862 utebantur
1254 3802 1292 3860 ad
1314 3820 1484 3861 mensuram
1506 3821 1608 3862 rerum
1627 3797 1701 3874 liqui-

385 3904 491 3964 darum
514 3905 749 3981 significandam,
772 3924 827 3965 nec
843 3905 987 3967 credibile
1008 3914 1055 3965 est
1069 3905 1216 3965 vocabulo
1238 3905 1417 3976 huiusmodi,
1439 3904 1520 3982 quod
1540 3899 1700 3963 iadicetdu·

384 4007 495 4084 plicent,
515 4006 649 4080 modum,
678 4008 824 4086 appellari
851 4009 882 4067 id
903 4026 975 4080 vae,
1000 4008 1082 4084 quod
1107 4009 1138 4068 iu
1159 4007 1370 4084 antiquissime
1392 4025 1516 4067 mensae
1539 4002 1701 4066 mensuralis

383 4109 483 4169 forma
505 4119 736 4178 consentaneum
759 4120 807 4170 est
829 4109 993 4170 secuudum
1008 4111 1183 4189 capacitatis
1204 4111 1303 4169 locum
1325 4110 1468 4184 tenuisse,
1490 4119 1525 4168 ut
1546 4117 1615 4186 post
1634 4121 1702 4164 meu-

385 4229 470 4272 suras
484 4212 687 4289 eiusAugusti
697 4223 831 4289 tempore
850 4213 1030 4273 immutatas.
1057 4215 1165 4290 Itaque
1176 4210 1289 4272 Oscum
1301 4213 1444 4271 cti-arete
1456 4231 1552 4290 paene
1561 4211 1637 4270 idem
1647 4223 1701 4265 ease

384 4313 561 4374 vocabulum
578 4315 777 4391 compositum
799 4315 928 4374 arbitror
950 4334 986 4375 ac
996 4313 1138 4376 Latinum
1161 4317 1229 4386 t-ea,
1252 4314 1332 4391 quod
1354 4334 1371 4372 c
1393 4313 1550 4384 *bi-esei-s,
1571 4311 1702 4372 *tu-anus

386 4426 484 4475 ortum
506 4435 574 4477 ease
596 4417 810 4490 demonstravi,
834 4419 1015 4496 comparetis
1039 4417 1162 4476 vocibus
1186 4420 1402 4494 quisqu-ersis,
1425 4421 1551 4476 tressis
1573 4431 1626 4492 pro
1646 4411 1703 4468 *tri-

384 4523 478 4588 essi-a,
494 4520 648 4580 lai-cessis
662 4539 717 4598 pro
732 4520 951 4592 *bi-dec-esst-s,
968 4525 1075 4591 sem-ia,
1096 4521 1140 4578 ite
1153 4529 1188 4578 ut
1201 4521 1260 4579 bes
1275 4519 1396 4595 proprie
1411 4521 1484 4578 duas
1501 4528 1605 4594 partes
1618 4515 1702 4574 tertias

384 4625 459 4680 assis
479 4623 574 4697 pondo
598 4622 759 4699 significet,
787 4633 849 4680 tura
871 4622 947 4683 duas
969 4631 1070 4701 partes
1093 4621 1197 4681 tertias
1222 4621 1451 4698 qualiscumque
1476 4621 1522 4678 rei
1552 4619 1652 4689 totius,
1676 4622 1702 4668 111

382 4723 475 4782 modii
497 4743 596 4782 rerum
618 4725 772 4782 aridarum
794 4732 824 4783 et
846 4725 969 4784 sextarii
991 4725 1173 4802 liquidarum
1195 4741 1296 4782 rerum
1317 4731 1347 4781 et
1367 4722 1463 4800 iugeri
1484 4723 1552 4799 agri
1577 4720 1700 4796 (Aaou

384 4825 431 4896 ΙΙ,
447 4825 513 4885 413.
528 4826 597 4898 687,
620 4827 663 4886 ed.
678 4828 706 4887 2.
740 4826 838 4886 Pauli.
855 4828 931 4886 Fest.
947 4827 992 4885 M.
1011 4847 1043 4904 p.
1059 4827 1111 4886 33.
1143 4825 1273 4886 Seston.
1293 4825 1537 4901 camposacco.
1553 4824 1622 4882 157.
1652 4817 1700 4876 Cic·

382 4927 444 4983 Ast.
459 4926 482 4982 I
486 4926 518 5000 V,
538 4929 587 4999 15,
614 4930 642 4988 7.
685 4927 1025 5000 Postumilla,
1051 4930 1094 5000 11,
1111 4927 1159 4987 26.
1184 4925 1217 4986 S.
1234 4926 1329 4987 Scrid.
1352 4927 1371 4987 l.
1394 4945 1418 4985 e.
1432 4928 1498 4987 126.
1543 4925 1632 4984 Mart.
1651 4917 1699 4986 XI,

384 5026 434 5100 36,
454 5030 482 5087 7.
530 5026 639 5089 Colum.
656 5029 692 5102 V,
712 5030 757 5106 1).
800 5030 908 5108 Itaque
929 5029 1042 5090 Oscum
1064 5029 1263 5106 compositum
1286 5031 1429 5088 dtas-its
1450 5028 1632 5088 etLatinura
1651 5023 1701 5079 laet

380 5147 437 5206 pro
472 5129 615 5190 *tt-asts
626 5174 636 5203 ,
687 5127 837 5192 *ot-aare
884 5153 923 5192 ex
969 5133 1073 5191 eadem
1115 5131 1207 5207 stirpe
1241 5130 1347 5190 Italica
1386 5132 1541 5190 *dai-asri-
1577 5127 1700 5187 videntur

381 5241 461 5292 orta,
490 5249 570 5308 esse,
611 5232 649 5292 ad
693 5251 785 5310 quam
828 5233 911 5295 Osce
954 5235 1055 5296 adfixa
1096 5242 1145 5293 est
1185 5233 1334 5310 particula
1375 5237 1427 5292 ·r'o.
1495 5235 1596 5310 Atque
1635 5229 1698 5286 hene

1750 1233 1751 1292 l

515 1506 565 1565 Ad
587 1505 750 1566 secundum
772 1505 955 1584 adscriptum
977 1513 1026 1564 est
1046 1503 1227 1563 vocabulum
1251 1501 1378 1563 Oscum:
