3530 5932
376 520 447 589 104
679 538 988 591 onsnuvnurouus
1015 539 1290 590 EPIGRAPHICAE
1317 541 1394 590 xvr.

374 711 513 769 nimirum
536 722 762 790 recuperatores
779 731 796 770 a
811 725 949 791 praetore
971 712 1134 789 postulare.
1167 711 1298 770 Nomio
1321 713 1420 800 iuriiee
1442 732 1501 771 uno
1523 731 1670 789 quemquam

373 815 491 872 sortitio
514 813 642 874 fortusse
669 816 765 873 locum
793 833 850 872 non
874 815 978 887 hebet,
1006 816 1117 892 quippe
1143 833 1231 891 quem
1258 825 1309 873 aut
1333 816 1444 892 petitor
1471 833 1522 873 reo
1546 815 1614 872 ferat
1634 827 1673 872 cut

372 918 568 992 magistratus
591 918 726 993 partibus
748 917 808 988 det,
829 926 1055 993 recuperatores
1075 913 1151 975 ‘sors
1175 926 1204 975 et
1225 937 1301 974 urna
1319 913 1519 994 ausignu’1),
1541 899 1590 976 nec
1609 919 1672 992 quic·

371 1037 460 1094 quum
476 1018 608 1096 impedit,
630 1021 789 1096 quominus
806 1019 945 1078 mulieres
961 1038 1014 1078 eae
1030 1019 1190 1096 dequibus
1209 1019 1307 1098 egitur
1324 1039 1388 1078 cum
1405 1017 1440 1079 O.
1456 1017 1590 1080 Lucretio
1609 1039 1672 1077 reco-

370 1137 525 1196 peratorcs
549 1123 739 1197 sumpserint.
784 1120 925 1180 Lucretio
948 1131 1047 1179 nutem
1069 1122 1144 1180 sutis
1167 1122 1349 1198 explicatur,
1379 1123 1404 1180 si
1432 1122 1470 1180 ab
1497 1141 1533 1180 eo
1556 1122 1616 1199 ipso
1634 1123 1673 1198 qui

371 1235 595 1300 recuperatores
624 1223 797 1299 postulabat
822 1243 897 1282 urna
925 1223 963 1280 od
991 1241 1042 1282 eos
1069 1224 1238 1282 sortiendos
1263 1225 1293 1282 in
1316 1225 1364 1282 ius
1387 1223 1537 1282 afferenda
1560 1237 1629 1304 cren
1650 1224 1673 1280 id

371 1327 452 1403 quod
474 1345 526 1384 cur
548 1327 590 1384 ita
612 1345 670 1384 nou
692 1326 784 1385 fuerit
806 1345 865 1383 uon
888 1326 983 1383 video.

449 1617 473 1677 ¹)
498 1618 598 1668 Plinius
617 1633 709 1683 paneg.
725 1619 759 1668 36
780 1617 874 1668 collato
894 1618 1018 1669 Suetonio
1038 1617 1100 1668 Ner.
1117 1617 1158 1666 17.
1197 1617 1237 1667 cf.
1257 1617 1358 1668 Plinius
1378 1617 1404 1667 h.
1423 1633 1448 1668 n.
1467 1617 1589 1683 praere:
1607 1617 1673 1684 pluri-

371 1725 433 1760 mum
451 1709 537 1774 refert,
557 1711 679 1760 sortiatur
699 1709 794 1776 aliquis
811 1708 922 1760 inriicem·
937 1727 971 1759 an
990 1709 1077 1776 elipct.

815 5243 917 5294 Formis
936 5243 1101 5296 Academicis
1121 5243 1165 5306 (G.
1178 5241 1268 5307 Vogt).
