3530 5932
375 533 446 605 196
687 529 688 532 ‘
941 554 1124 609 conssrant

371 748 448 806 tium
481 767 548 808 cum
585 749 674 808 sibilo
701 750 963 827 pronuntiatarum
985 747 1018 813 Μ
1045 760 1074 810 et
1103 753 1135 830 ζ,
1173 766 1249 825 quas
1284 747 1397 810 Sabelli
1423 768 1463 810 ex
1495 749 1642 825 alphabeto
1668 770 1683 807 a

372 847 499 909 Graecis
528 859 650 930 accepto
676 851 861 911 retinuerunt
886 862 920 911 ut
945 853 1065 912 Etrusci
1090 859 1120 912 et
1141 849 1324 911 Umbrorum
1352 851 1560 929 antiquissimi.
1600 851 1683 912 Etiam

371 951 572 1030 interpunctio
605 954 766 1013 verborum
797 954 900 1014 eadem
933 963 980 1014 est
1010 955 1042 1014 in
1074 954 1121 1014 his
1142 953 1241 1013 titulis
1268 953 1426 1016 Sabelliois
1459 954 1555 1014 tribus
1584 955 1683 1030 punctis

370 1055 569 1132 interpositis,
603 1056 687 1116 ouius
718 1057 949 1135 interpungendi
981 1057 1074 1116 moris
1101 1056 1256 1116 rarissima
1282 1057 1474 1117 inveniuntur
1504 1056 1684 1132 exemplain

371 1157 618 1234 inscriptionibus
640 1158 790 1231 Etruscis,
814 1159 913 1232 Oscis,
935 1159 1064 1220 Latinis.
1104 1159 1241 1218 vLitterae
1269 1159 1424 1219 dformae
1449 1160 1481 1222 in
1503 1162 1588 1220 titulo
1607 1161 1684 1221 Prae·

370 1259 486 1318 tutiano
508 1260 680 1321 simillimae
708 1269 779 1321 sunt
807 1259 933 1322 Graecis
960 1271 991 1320 et
1017 1262 1196 1340 Messapicis
1226 1261 1467 1338 (turstanus.
1495 1282 1521 1323 z.
1551 1263 1642 1324 Gercl.
1661 1267 1684 1322 d,

378 1361 491 1420 Griech.
515 1363 606 1440 Alplt.
630 1373 649 1423 t.
672 1363 758 1422 LII.
781 1365 824 1422 ed.
839 1366 868 1424 2.
913 1364 951 1423 L.
964 1365 1122 1442 Moppiulli
1144 1383 1158 1424 e
1183 1363 1215 1423 C.
1239 1365 1482 1438 Castromedr'onq
1503 1366 1548 1426 Le
1561 1371 1686 1426 motuni

370 1464 568 1542 Messapiclte,
597 1476 652 1526 tna.
679 1466 790 1542 leq),
823 1485 889 1528 oum
922 1467 1039 1526 litterae
1070 1470 1090 1526 d
1114 1468 1145 1527 in
1171 1467 1271 1545 lapide
1297 1467 1336 1526 ad
1362 1465 1493 1545 Cupram
1523 1470 1684 1529 maritimam

370 1566 494 1628 invento
515 1568 619 1626 eadem
641 1569 682 1627 sit
702 1568 800 1628 forma
821 1579 912 1644 atque
933 1571 964 1629 in
987 1569 1069 1630 Osco
1092 1571 1261 1647 alphabeto.

451 1668 522 1728 Una
543 1679 638 1729 restat
658 1671 758 1729 littera
783 1666 850 1744 UH
872 1672 953 1750 cippi
967 1672 1155 1732 Praetutiani
1170 1673 1329 1750 quinquies
1344 1672 1457 1751 scripta
1470 1675 1503 1732 in
1517 1677 1684 1753 apographo,

371 1789 448 1848 quae
470 1773 543 1831 mihi
564 1773 727 1850 plurimum
750 1774 926 1834 offensionis
947 1775 1058 1834 babere
1079 1774 1206 1834 videtur.
1260 1773 1400 1851 Namque
1421 1774 1511 1852 plane
1537 1777 1631 1836 aliena
1648 1785 1685 1836 est

368 1892 428 1932 non
451 1874 550 1934 solum
573 1893 591 1932 a
612 1876 719 1936 ceteris
741 1876 836 1935 titulis
853 1875 1021 1948 Sabellicis,
1043 1896 1146 1936 verum
1168 1877 1257 1936 etiam
1280 1878 1317 1935 ab
1337 1878 1584 1955 inscriptionibus
1599 1879 1684 1952 Oscis,

367 1974 530 2047 Umbricis,
552 1977 693 2052 Faliscis,
715 1978 859 2052 Etruscis,
885 1978 1014 2051 Latinis,
1044 1977 1170 2049 Graecis
1193 1978 1421 2056 antiquioribus,
1450 1997 1549 2057 neque
1571 2000 1684 2059 usquam

368 2096 416 2136 me
437 2079 579 2155 scriptam
606 2080 708 2157 legere
734 2081 856 2141 memini
882 2081 941 2141 nisi
968 2083 999 2140 in
1021 2081 1237 2141 recentioribus
1259 2082 1461 2142 monumentis
1485 2081 1619 2156 Graecis,
1642 2085 1684 2143 nbi

370 2178 401 2249 Ι]
426 2181 577 2258 significat
592 2183 724 2242 vocalem
740 2202 765 2241 o.
810 2183 896 2258 Quae
911 2184 1023 2242 vocalis
1044 2203 1111 2242 cum
1132 2185 1162 2242 in
1185 2184 1285 2262 lapide
1300 2184 1496 2243 Praetutiano
1519 2185 1686 2263 significetur

369 2282 471 2341 littera
492 2282 538 2372 W,
566 2303 626 2344 non
648 2285 791 2344 credibile
818 2294 866 2344 est
891 2287 1017 2344 eandem
1047 2286 1138 2346 etiam
1162 2285 1265 2345 littera
1288 2285 1319 2356 [l
1342 2286 1477 2345 indicari.
1522 2287 1564 2346 Et
1584 2289 1609 2347 si
1628 2290 1685 2366 quis

366 2387 459 2446 nihilo
488 2388 581 2447 setius
608 2387 685 2446 banc
711 2389 808 2447 vocali
837 2408 852 2446 o
875 2388 1027 2458 vindicare
1051 2386 1189 2460 auderet,
1225 2391 1383 2466 praeberet
1409 2389 1500 2448 nobis
1518 2391 1684 2450 vocabulum

365 2491 454 2550 adorto
478 2515 515 2540 =
538 2508 634 2562 eoooo,
664 2489 745 2566 quod
770 2500 854 2550 esset
874 2491 1001 2548 monstri
1021 2491 1131 2561 instar,
1164 2491 1346 2550 insecundo
1369 2508 1460 2550 versu
1482 2491 1562 2550 tituli
1583 2493 1617 2550 de
1635 2510 1686 2568 quo

366 2594 467 2671 agitur
489 2593 642 2668 scriptum.
685 2591 752 2650 Hoc
774 2601 873 2651 autem
895 2593 1011 2669 siguum
1037 2591 1108 2668 ΗΠ
1140 2611 1208 2651 cum
1242 2593 1383 2653 facillime
1416 2593 1488 2651 oriri
1523 2604 1624 2670 posset
1655 2614 1686 2652 ex

364 2694 474 2752 litteris
497 2693 530 2760 Β
557 2701 588 2751 et
616 2692 652 2779 Ε
688 2693 805 2754 detritis
836 2703 888 2754 aut
910 2694 1029 2755 omissis
1056 2695 1234 2772 quibusdam
1263 2696 1366 2768 lineis,
1399 2713 1439 2752 ex
1468 2695 1497 2763 Ε
1524 2696 1623 2755 addita
1642 2716 1686 2772 per

365 2817 497 2858 errorem
525 2799 653 2876 lineola,
686 2818 725 2858 ex
761 2797 791 2872 0
825 2798 980 2856 immutata
1011 2797 1146 2872 paullum
1176 2797 1326 2874 positione
1357 2799 1433 2870 eius,
1470 2799 1608 2874 equidem
1636 2817 1685 2857 nun

365 2902 469 2972 rideo,
496 2900 547 2976 qui
576 2895 748 2978 signo'tam
783 2899 952 2977 suspicioso
981 2899 1017 2956 in
1034 2900 1207 2976 apographo
1229 2907 1343 2958 tantum
1370 2900 1449 2959 tituli
1475 2902 1590 2979 scripto
1610 2902 1685 2960 fidem

366 3004 475 3062 habere
501 3002 625 3080 possim.
669 3002 809 3078 Denique
841 3002 873 3060 in
899 3001 957 3060 line
984 3001 1151 3078 apographi
1180 3002 1269 3060 iuxta
1294 3002 1424 3062 litteram
1454 3005 1481 3084 Ε
1518 3003 1686 3063 lineamenta

365 3107 511 3185 quaedam
534 3106 646 3182 scripta
668 3115 747 3177 sunt,
771 3123 847 3182 quae
869 3103 1000 3162 indicare
1021 3103 1168 3176 videntur,
1189 3103 1319 3180 lapidem
1342 3105 1399 3163 hoc
1421 3106 1489 3165 loco
1511 3106 1625 3166 laesum
1643 3115 1687 3163 aut

366 3209 507 3266 detritum
530 3225 606 3267 esse.
652 3205 738 3281 Quae
767 3225 834 3265 cum
860 3207 903 3265 ita
930 3206 1006 3276 sint,
1035 3205 1093 3262 hae
1114 3206 1320 3268 tantummodo
1347 3207 1466 3267 litterae
1492 3208 1686 3286 inscriptionis

365 3310 580 3370 Praetutianus
602 3311 675 3369 mihi
698 3309 836 3368 videntur
855 3309 916 3385 legi
938 3324 1043 3386 posse:

823 3507 934 3598 petr.
957 3495 961 3597 l
983 3499 992 3568 Ξ
1016 3500 1133 3615 papas

823 3635 1191 3740 reisdlrilisudi

824 3777 882 3879 pis
902 3793 911 3838 ἓ
930 3775 974 3880 el
1000 3777 1159 3899 aelf(?)i
1179 3803 1219 3853 re

797 3915 954 4037 't(i)u3
976 3915 981 4020 l
1001 3919 1090 3993 dare
1110 3921 1120 3992 Ξ
1139 3945 1211 4022 pep

827 4047 926 4162 le..

446 4327 589 4387 Lectione
611 4328 701 4387 buius
724 4325 803 4384 tituli
826 4334 887 4385 tam
900 4325 1015 4386 incerta
1029 4345 1064 4386 ac
1078 4326 1178 4398 dubia,
1201 4345 1240 4386 ex
1261 4345 1297 4386 eo
1312 4345 1402 4404 aegre
1416 4329 1563 4406 quaedam
1577 4332 1686 4408 linguae

363 4429 531 4492 Sabellicae
558 4430 687 4507 vestigia
712 4429 854 4506 cognosci
883 4437 1021 4506 possunt.
1070 4429 1161 4487 Initio
1192 4428 1257 4488 eius
1284 4429 1397 4506 scripta
1422 4432 1564 4493 videntur
1589 4453 1685 4492 nomen

362 4533 484 4610 gentile,
511 4533 717 4611 praenominis
740 4540 827 4602 nota,
854 4549 1027 4608 cognomen.
1071 4531 1151 4591 Nam
1177 4531 1293 4590 litteras
1319 4532 1396 4591 Petr.
1424 4535 1606 4611 supplendas
1627 4555 1684 4594 esse

362 4636 537 4712 Petr(rinis)‚
576 4635 754 4694 coniecerim
791 4653 829 4692 ex
858 4633 981 4693 Falisco
1021 4634 1140 4692 nomine
1175 4633 1327 4705 Petrunca,
1369 4633 1514 4697 Umbrico
1549 4639 1684 4704 Petronia,

362 4739 493 4798 Etrusco
526 4739 675 4810 Petronis,
708 4736 817 4795 Latino
844 4736 997 4795 Petronius
1028 4735 1171 4811 (Fobrett.
1207 4735 1302 4794 Glosa.
1328 4736 1367 4796 It.
1391 4757 1424 4815 p.
1453 4741 1512 4798 137
1515 4741 1563 4818 9);
1595 4731 1685 4817 Pupus'

362 4848 462 4898 autem
484 4841 622 4918 congruit
654 4859 720 4898 cum
743 4839 871 4897 Etrusco
893 4839 1069 4915 cognomine
1083 4831 1195 4914 Popua',
1228 4838 1338 4898 Latino
1360 4840 1460 4917 Papus
1481 4853 1512 4900 et
1533 4863 1598 4903 cum
1614 4843 1683 4902 Osco

362 4941 509 5001 vocabulo
528 4961 657 5020 puppas,
680 4939 760 5018 quod
782 4941 812 4999 iu
834 4941 945 4999 fabulis
968 4941 1119 5000 Atellanis
1142 4959 1243 5000 senem
1266 4941 1464 5020 significabat,
1491 4964 1559 5005 cum
1577 4945 1684 5005 Latinis

358 5061 443 5122 popu
469 5062 605 5120 pappus,
633 5041 760 5104 Graecis
787 5033 920 5110 πάπποις,
945 5039 1064 5104 πάππος
1086 5043 1192 5119 (eutr.
1220 5043 1238 5101 l.
1262 5063 1285 5102 c.
1310 5062 1343 5119 p.
1371 5045 1448 5104 1323
1474 5047 1543 5125 aq).
1589 5050 1683 5124 ltaque

361 5146 492 5205 litteram
513 5148 592 5206 inter
613 5143 774 5220 Pomona)
797 5153 826 5203 et
848 5141 969 5222 Poppoa'
990 5147 1121 5222 positam
1149 5145 1238 5222 atque
1264 5146 1501 5222 interpunctione
1523 5151 1682 5210 distinctam

361 5249 524 5309 verisimile
547 5259 594 5310 est
614 5259 714 5309 uotam
736 5247 939 5324 praenominis
960 5250 1057 5327 patris
1079 5231 1247 5309 esseillius
1268 5247 1401 5308 Petronii
1421 5249 1565 5314 Picentis.
1606 5253 1681 5312 Haec
