3540 5940
411 551 484 620 354
852 572 1127 622 unnr'ruuunuuu
1148 571 1232 620 uon.
1248 572 1290 620 111

403 673 635 682 ——-——
657 674 710 678 —
950 676 957 680 .
973 673 1081 680 .---.-
1095 675 1241 680 -.,.-.--..
1253 674 1374 680 ...—

406 743 602 802 Pestinensis.
645 720 781 821 Utraque
809 745 900 803 editio
928 765 994 804 cunr
1022 745 1111 803 slmul
1134 745 1287 822 prodierit,
1319 745 1351 802 in
1373 742 1549 821 Hungarica
1568 746 1713 823 posteriore

402 859 535 923 tempore
557 847 698 906 absoluta
721 845 865 924 Corporis
888 850 1026 907 volumen
1049 848 1167 905 tertium
1203 857 1346 925 perpetuo
1372 847 1537 906 adhibitum
1560 857 1617 915 est;
1648 849 1714 922 quod

402 969 468 1007 cum
491 954 523 1007 in
546 947 667 1008 Gallica
689 949 800 1010 sactum
821 970 882 1010 non
904 961 999 1024 esset,
1027 949 1205 1024 Desjardins
1229 950 1356 1008 Parisiis
1380 949 1517 1026 syllogae
1541 949 1616 1007 illins
1637 952 1713 1024 epito-

401 1069 467 1110 men
503 1052 597 1110 edidit
630 1054 685 1112 sub
718 1053 806 1111 tilulo
828 1054 1005 1111 Desiderato
1037 1054 1076 1110 du
1101 1053 1130 1111 0,
1154 1053 1180 1110 I.
1204 1050 1242 1109 L.
1265 1050 1299 1126 (t.
1323 1051 1401 1127 III).
1445 1051 1490 1110 Le
1511 1053 1601 1110 uuuse'e
1621 1053 1714 1127 ἐρίφω-

398 1155 506 1229 pln'quc
530 1157 564 1212 cle
585 1153 656 1214 Pest
680 1155 822 1230 (Parisiis
847 1156 926 1214 1874
958 1174 1009 1232 pp.
1033 1153 1086 1230 32)
1120 1163 1252 1231 aptatam
1285 1155 1322 1212 ad
1357 1151 1476 1230 Corpus
1509 1155 1715 1229 inscriptionum

400 1257 457 1328 ita,
491 1266 524 1314 ut
552 1257 649 1332 primo
679 1257 775 1333 capite
808 1257 1098 1334 comprehendantur
1131 1257 1210 1315 tituli
1244 1258 1273 1314 iu
1303 1253 1438 1333 Corpore
1472 1256 1578 1314 omissi
1609 1275 1716 1314 numero

399 1356 546 1430 LXXVI,
569 1359 661 1417 altero
685 1360 764 1417 tituli
786 1378 846 1418 non
868 1370 947 1418 recte
969 1361 1011 1418 ibi
1032 1360 1117 1418 relati
1138 1378 1262 1417 numero
1278 1357 1346 1430 LII,
1369 1359 1457 1417 tertio
1479 1358 1616 1417 lectionis
1637 1359 1716 1414 diuer-

400 1478 466 1533 sae,
489 1460 541 1518 scd
564 1461 672 1519 dubiae
699 1480 823 1520 numero
845 1461 1001 1534 XXXVI,
1029 1469 1135 1538 quarto
1162 1462 1239 1519 tituli
1267 1461 1362 1520 musei
1391 1461 1421 1518 in
1450 1458 1583 1537 Corpore
1611 1459 1715 1536 quidem

400 1581 498 1639 neque
520 1573 617 1621 tamen
640 1564 719 1641 apud
746 1563 973 1638 Desjsrdinium
995 1564 1083 1622 relati
1110 1583 1233 1622 numero
1256 1562 1359 1621 XXX.
1404 1563 1500 1634 Aiaci,
1523 1561 1717 1638 Desjardininu

400 1666 451 1734 ait,
474 1685 525 1723 eur
545 1664 605 1723 336
626 1675 800 1724 monuments
827 1671 878 1742 qui
904 1675 1064 1742 couupoaeut
1092 1667 1122 1725 la
1150 1666 1295 1724 collection
1321 1665 1527 1742 e'piyraplu'quc
1548 1669 1669 1724 rmuuiuc
1687 1666 1717 1722 du

399 1767 499 1824 Muse'e
520 1768 652 1826 uotloual
673 1769 707 1825 de
726 1768 793 1826 Post
807 1802 847 1810 -
863 1779 889 1827 ct
910 1771 960 1844 qui
982 1769 1025 1842 s'p
1048 1771 1205 1826 trouuaieat
1227 1777 1290 1826 louu
1312 1768 1408 1824 re'uuu's
1431 1786 1470 1824 au
1490 1771 1563 1825 mols
1586 1769 1621 1825 cle
1634 1768 1717 1840 juillet

398 1871 481 1939 1871,
502 1871 702 1928 c'cst-d-cllre
724 1873 797 1929 deun
817 1889 871 1929 aas
893 1881 982 1928 auant
1004 1871 1033 1927 la
1052 1870 1229 1946 publication
1252 1871 1291 1928 du
1312 1869 1367 1926 III
1370 1873 1403 1902 '¹²⁶
1427 1871 1538 1928 volume
1556 1871 1596 1926 du
1616 1867 1717 1945 Corpus

399 1973 434 2028 dc
456 1971 568 2043 Berlin,
603 1984 630 2031 et
660 1972 731 2049 qu’il
763 1974 831 2031 e'tuu‘t
857 1973 959 2048 facile,
993 1992 1026 2030 eu
1048 1973 1243 2048 consequence,
1277 1971 1415 2046 d’ujoutcr
1437 1991 1496 2030 aue
1517 1971 1659 2030 Addeudu
1677 1975 1717 2046 qut

398 2078 544 2132 termiaeut
566 2075 596 2132 la
618 2077 735 2134 seconde
753 2079 849 2152 partle
869 2077 904 2132 de
929 2093 959 2132 ce
979 2076 1088 2133 volume
1104 2107 1141 2116 —-
1158 2075 1182 2132 ll
1201 2095 1220 2150 y
1242 2093 1275 2132 en
1297 2074 1409 2144 0164,
1444 2073 1622 2132 c’eut-d-du'rc
1648 2093 1716 2150 prer-

397 2194 451 2251 quc
473 2176 503 2233 lc
524 2178 625 2248 moluit,
653 2181 703 2253 qui
726 2189 774 2236 out
794 2179 837 2235 c'te'
857 2181 925 2236 omis
948 2197 984 2236 ou
1005 2178 1063 2234 usal
1085 2179 1139 2235 lus.
1182 2175 1270 2235 Hanc
1297 2178 1519 2236 accusationem
1554 2177 1635 2254 quod
1654 2177 1716 2233 retu·

396 2278 518 2337 tundam
552 2297 619 2337 esse
651 2279 739 2352 duxi,
771 2280 883 2338 factum
917 2287 964 2338 est
996 2298 1091 2356 neque
1120 2286 1242 2356 propter
1278 2279 1433 2338 criminum
1466 2280 1602 2356 speciem
1637 2299 1717 2353 neque

396 2390 519 2458 propter
540 2383 723 2440 accusatoris
745 2383 940 2460 gravitatem
963 2380 1015 2440 sed
1038 2401 1114 2458 quae
1147 2383 1282 2458 privatus
1304 2391 1381 2440 recte
1404 2380 1525 2440 silentio
1548 2383 1716 2448 transmittit,

397 2484 469 2542 mihi
491 2483 610 2560 publice
638 2483 695 2542 hac
717 2503 790 2542 cura
811 2484 944 2561 fungenti
967 2503 1027 2542 non
1049 2485 1146 2542 visum
1168 2493 1215 2542 est
1237 2502 1377 2562 spernere
1398 2485 1499 2542 licere.
1544 2483 1652 2542 Dicam
1672 2483 1716 2557 igi·

395 2595 453 2656 tur,
476 2585 555 2661 quod
579 2605 681 2644 uerum
703 2599 760 2659 est,
783 2587 911 2644 breviter
932 2595 1032 2645 tamen
1054 2597 1083 2644 et
1104 2594 1236 2645 coactus.

438 2688 486 2746 De
507 2708 632 2746 numero
654 2689 706 2746 illo
728 2688 957 2765 inscriptionum
980 2688 1156 2748 emissarum
1184 2696 1431 2765 corruptarnmve
1451 2688 1584 2766 primum
1607 2689 1717 2748 deduce·
1760 2747 1761 2768 χ

395 2810 462 2850 mus
490 2792 557 2867 ipso
586 2790 778 2864 Desjardinio
807 2800 928 2850 auctore
955 2792 1073 2850 tertium
1101 2800 1191 2869 caput
1216 2791 1444 2867 inscriptionum
1477 2791 1634 2862 XXXVI3
1659 2809 1717 2848 nanu
1760 2779 1761 2802 ¹

395 2912 472 2969 quas
495 2912 551 2952 suo
573 2893 640 2951 leco
663 2894 769 2952 dubiae
790 2895 927 2953 lectionis
950 2912 1017 2953 esse
1045 2895 1202 2970 profitetur
1223 2894 1311 2952 homo
1330 2911 1454 2954 suarum
1477 2894 1632 2953 visionum
1653 2903 1717 2950 certe

395 2997 557 3055 benevolus
579 2996 716 3071 index¹)‚
738 3015 805 3054 cum
827 2999 858 3056 in
874 2996 1058 3074 praefatione
1081 3006 1215 3056 numeret
1236 2997 1313 3056 iuter
1327 2997 1405 3056 male
1428 2997 1523 3055 lectas
1547 3015 1566 3054 a
1581 3017 1637 3068 me,
1658 2995 1716 3071 quid

394 3098 475 3156 aliud
503 3099 721 3157 demonstravit
752 3117 841 3175 quam
875 3099 1013 3158 fiduciam
1047 3101 1337 3177 impudentissimam
1372 3117 1405 3158 se
1436 3099 1551 3157 habere
1584 3104 1615 3156 in
1646 3097 1716 3155 breui

394 3200 557 3277 legentium
580 3203 725 3260 memoria
746 3203 909 3277 repositam
933 3221 1134 3278 magnumque
1156 3219 1189 3260 se
1211 3219 1279 3262 esse
1301 3203 1331 3260 in
1357 3210 1420 3260 arte
1442 3220 1517 3260 sane
1537 3201 1608 3260 utili
1630 3219 1717 3259 nume
1759 3257 1760 3294 ;

394 3321 494 3362 rorum
510 3305 665 3362 commode
687 3303 942 3363 ordinandorum?
966 3303 1025 3364 Sed
1047 3305 1103 3364 hoc
1124 3305 1191 3363 leve
1213 3312 1268 3362 est.
1759 3295 1760 3300 ἵ

436 3405 472 3462 In
496 3407 624 3481 primam
646 3406 772 3465 classem
797 3406 995 3483 (iuscrlptlous
1018 3411 1117 3465 emises
1139 3408 1212 3466 clauc
1237 3407 1261 3463 lc
1279 3407 1403 3483 Corpus)
1427 3425 1494 3464 cunr
1517 3407 1665 3466 rettulerit
1683 3407 1717 3462 in·

395 3508 573 3584 scriptiones
606 3527 728 3566 numero
750 3508 900 3580 LXXVI,
932 3511 1039 3567 barum
1071 3509 1167 3567 maior
1188 3526 1268 3585 pars,
1297 3527 1404 3584 nempe
1426 3507 1484 3565 XL
1509 3509 1629 3588 tegulae
1650 3515 1716 3564 snut.

393 3611 537 3688 pondera,
561 3612 727 3687 signacula,
750 3611 888 3687 patellae.
932 3611 1096 3670 Videamus
1120 3613 1247 3688 primum
1270 3612 1307 3670 de
1336 3610 1441 3682 titulis,
1474 3629 1555 3688 quos
1590 3629 1644 3670 nos
1673 3629 1715 3666 nn·

393 3714 484 3773 meris
500 3713 644 3792 augendis
660 3718 759 3772 minus
782 3714 888 3772 intenti
911 3714 995 3772 solos
1010 3733 1049 3772 ex
1071 3714 1175 3772 ordine
1189 3714 1421 3772 numeravimus.
1466 3710 1549 3772 Sunt
1571 3713 1591 3772 ii
1607 3729 1715 3771 numero
1758 3783 1759 3806 Χ

392 3817 539 3874 XXXVI.
1369 3855 1372 3872 .
1758 3813 1759 3858 l

435 3919 484 3977 Ex
505 3920 552 3976 luis
575 3919 670 3977 titulis
693 3939 747 3977 sex
780 3927 810 3976 et
842 3919 964 3995 triginta
997 3920 1085 3977 tertia
1106 3937 1192 3996 pars,
1226 3919 1339 3977 scilicet
1372 3919 1449 3976 tituli
1478 3919 1638 3978 duodecim
1660 3934 1714 3973 uere

393 4021 501 4080 adsunt
522 4021 553 4079 in
576 4019 760 4098 corporei),
794 4021 872 4097 quod
902 4041 968 4079 cnm
997 4021 1034 4079 de
1060 4020 1177 4080 duobus
1200 4021 1244 4096 (n.
1262 4021 1310 4080 38.
1336 4021 1409 4096 198)
1437 4022 1502 4098 ipse
1532 4022 1632 4099 palam
1659 4038 1714 4076 con·

471 4413 493 4476 ¹)
532 4415 616 4464 Immo
644 4417 730 4465 Insunt
757 4415 842 4479 plures
871 4415 945 4476 tituli,
975 4415 1017 4464 ubi
1048 4429 1160 4464 errorem
1180 4415 1235 4480 ipse
1255 4415 1396 4466 confitetur.
1435 4415 1561 4480 Exempli
1590 4429 1662 4463 causa
1687 4411 1712 4458 ω’

391 4524 416 4557 n.
438 4508 623 4557 209=4149
649 4508 685 4556 sic
705 4507 824 4556 adnotat:
861 4497 975 4573 ‘Corpus
994 4507 1011 4556 l.
1032 4503 1062 4556 4:
1083 4504 1244 4564 clust’ltffi.
1282 4503 1356 4555 Nous
1376 4522 1456 4556 aeuus
1474 4505 1515 4567 lu,
1538 4504 1557 4554 ὰ
1577 4514 1638 4565 tort,
1663 4515 1714 4558 cst·

392 4594 505 4662 SPINA',
527 4614 574 4649 nec
594 4599 700 4648 verbum
720 4600 836 4663 amplius.
875 4599 1043 4649 Niluilosetins
1069 4599 1110 4648 hie
1139 4607 1287 4648 numeretur
1310 4601 1375 4648 iuter
1403 4597 1492 4647 titulos
1514 4597 1628 4648 CLXIV
1651 4609 1713 4645 aure

392 4693 586 4757 praetermissos
606 4693 645 4741 rel
666 4691 851 4756 pessumdatos.

466 4781 491 4846 π)
530 4785 565 4833 D.
586 4787 620 4834 20
646 4785 707 4845 (cito
733 4800 853 4834 numeros
877 4784 997 4833 editionis
1021 4785 1126 4834 maioris
1152 4781 1322 4848 Pestinensis)
1337 4803 1370 4825 =
1385 4783 1414 4833 C.
1435 4783 1519 4833 4129.
1548 4783 1582 4832 38
1598 4779 1712 4828 ε39οῖ.
1756 4817 1757 4844 u

392 4875 578 4926 81:3675.
609 4875 643 4926 sa
664 4898 697 4918 =
719 4875 799 4926 ocur.
832 4876 937 4926 105=
958 4877 1037 4926 3715.
1069 4875 1264 4926 135=4rse
1299 4875 1493 4926 ruu=4rsu
1528 4873 1711 4925 reu=3sru
1756 4857 1757 4902 l

391 4971 443 5017 201
470 4976 494 5017 et
520 4969 572 5018 232
599 4969 675 5034 (qnuc
699 4970 843 5034 fragmenta
866 4969 1045 5032 coniungendo
1069 4984 1123 5018 esse
1147 4970 1228 5018 musei
1254 4968 1337 5017 editor
1360 4983 1412 5017 non
1436 4967 1576 5030 intellexit)
1594 4986 1626 5008 =
1641 4963 1709 5014 3338·

391 5059 444 5108 230
459 5079 491 5100 =
508 5061 588 5110 3681.
609 5062 661 5112 235
677 5081 710 5102 =
726 5062 806 5111 4215.
846 5061 921 5110 Hunc
945 5061 1046 5110 titulum
1066 5053 1159 5110 deinde
1179 5061 1258 5110 refert
1276 5061 1303 5110 in
1327 5061 1417 5110 ordine
1437 5069 1530 5125 quarto
1551 5061 1619 5110 iuter
1636 5055 1709 5105 titulus

390 5151 462 5212 mihi,
483 5167 535 5201 non
554 5153 603 5202 sibi
622 5154 649 5203 in
669 5169 756 5204 musco
778 5155 853 5215 visos,
873 5161 935 5218 pute
956 5169 988 5204 nc
1012 5153 1204 5205 iusimularetur
1227 5154 1333 5204 nusi0ris
1351 5151 1500 5218 diligentiae
1525 5153 1554 5202 in
1578 5152 1630 5202 suis
1648 5147 1709 5197 tibris

390 5243 520 5294 adhibitae
540 5259 616 5310 quam
636 5253 748 5310 praestat
767 5247 793 5296 iu
814 5246 914 5297 alienis.
