3532 5938
569 1933 1080 2120 ossnnvsuonns
1119 2001 1591 2118 EPIGRAPHIOAE.

1005 2239 1158 2251 *-

466 2469 572 2531 XVII.
614 2469 752 2533 RECES
781 2468 1001 2530 THRACIAE
1028 2469 1134 2531 INDE
1158 2471 1188 2528 Α
1210 2467 1404 2532 CAESARE
1431 2463 1674 2528 DICTATORE.

414 2649 572 2819 Regum
598 2735 747 2796 Thraciae
773 2735 824 2812 qui
848 2736 969 2795 fuerunt
993 2741 1090 2794 aetate
1116 2735 1256 2794 Romana
1282 2733 1415 2793 ordinem
1443 2751 1510 2790 cum
1538 2731 1647 2791 usuca
1670 2728 1719 2785 duo

414 2835 631 2914 Cyzicenorum
657 2840 689 2897 in
715 2840 859 2898 honorem
880 2838 1030 2897 Antoniae
1052 2836 1252 2914 Tryphaenae
1274 2835 1449 2895 Polemonis
1470 2835 1552 2894 filiae
1575 2851 1646 2892 nora
1665 2831 1718 2888 luce

411 2939 592 3000 illustrarint
617 2961 713 3018 nuper
738 2941 777 3001 ab
799 2941 928 3000 Ernesto
950 2939 1055 3000 Curtio
1081 2941 1113 2998 in
1139 2941 1214 2998 actis
1241 2939 1407 2999 minorihus
1434 2937 1601 2996 academiae
1619 2933 1720 2994 Beroli·

411 3043 515 3102 nensis
528 3043 557 3120 1)
579 3045 706 3123 primum
730 3045 818 3118 edita,
841 3042 965 3103 Curtius
988 3052 1088 3102 autem
1109 3043 1145 3101 de
1160 3042 1287 3101 decretis
1309 3040 1347 3100 iis
1370 3051 1571 3100 commentans
1591 3037 1720 3112 reliquum

411 3163 515 3205 eorum
537 3155 743 3224 argumentum
765 3149 862 3224 magis
884 3166 973 3224 quam
995 3165 1044 3206 res
1059 3145 1224 3204 Thracicos
1245 3151 1421 3222 persecutus
1443 3143 1492 3216 sit,
1514 3144 1623 3222 regiam
1638 3139 1719 3198 Thra·

410 3266 477 3306 cum
500 3249 669 3326 dynastiam
683 3271 702 3310 a
717 3247 847 3309 Caesare
867 3250 937 3308 inde
960 3249 1113 3325 explicare
1134 3248 1165 3306 in
1187 3248 1286 3306 auimo
1307 3255 1363 3307 est.
1378 3247 1566 3306 —Thracia
1585 3263 1640 3322 quo
1660 3255 1721 3302 ten·

410 3369 483 3427 pore
497 3351 607 3411 bellum
622 3353 700 3412 inter
714 3350 875 3413 Caesarem
891 3360 920 3410 et
934 3351 1109 3429 Pompeium
1124 3353 1240 3409 exarsit
1260 3367 1441 3426 quamquam
1462 3349 1597 3428 pluribus
1615 3348 1721 3424 regibus

409 3453 519 3530 paruit,
542 3454 730 3532 Odrysarum
751 3473 838 3533 reges
860 3455 898 3514 ab
911 3453 1007 3514 Hebri
1029 3454 1112 3513 fluvii
1134 3454 1221 3513 ostiis
1244 3452 1283 3511 ad
1299 3451 1450 3513 Odessum
1471 3471 1566 3529 usque
1585 3451 1721 3510 dominan-

409 3553 494 3632 tes2)
517 3557 560 3615 ita
580 3571 671 3635 super
691 3558 825 3636 reliquos
846 3557 1024 3629 eminebant,
1047 3565 1079 3615 ut
1100 3557 1259 3615 universae
1273 3555 1423 3615 Thraciae
1443 3572 1583 3634 praeesse
1605 3553 1721 3613 videren-

409 3651 512 3735 tur³)‚
536 3678 593 3719 nec
614 3660 744 3720 dubitari
766 3668 866 3738 potest
886 3660 917 3718 id
938 3659 1036 3737 ipsum
1058 3677 1124 3718 esse
1144 3676 1270 3736 regnum
1292 3658 1441 3717 Thraciae
1462 3677 1489 3717 a.
1505 3657 1545 3717 46
1567 3676 1596 3734 p.
1612 3655 1679 3716 Chr.
1697 3657 1722 3712 in

410 3761 580 3838 provinciae
601 3762 727 3823 formam
749 3771 971 3822 commutatum.
1005 3760 1084 3821 Nam
1106 3761 1188 3821 bello
1210 3781 1237 3820 a.
1255 3779 1283 3819 u.
1299 3779 1323 3820 c.
1339 3759 1411 3833 725,
1433 3778 1493 3837 quo
1515 3761 1644 3820 maxime
1663 3759 1722 3816 der·

408 3871 455 3922 tra
476 3863 543 3940 ripa
564 3863 698 3924 Danuvii
718 3866 869 3926 inferioris
890 3865 1095 3924 Romanorum
1119 3864 1199 3924 facta
1220 3881 1288 3924 esse
1308 3863 1427 3922 videtur
1447 3863 1564 3922 Moesia
1583 3861 1722 3940 provincia

407 3967 579 4040 constituta,
602 3969 708 4028 aeolis
723 3968 852 4045 Odrysis
868 3966 998 4032 Crassus
1021 3967 1166 4027 abstinuit
1185 3967 1284 4045 iisque
1305 3967 1381 4026 adeo
1402 3967 1467 4046 agri
1479 3965 1585 4025 Bessis
1608 3963 1722 4040 adempti

407 4077 524 4144 partem
546 4072 683 4131 attribuit
691 4071 732 4148 ⁴).
770 4069 859 4146 Quod
879 4071 958 4130 infra
979 4070 1137 4148 apparebit
1158 4069 1259 4129 sedem
1280 4087 1334 4129 eos
1355 4087 1442 4147 reges
1464 4067 1604 4128 habuisse
1626 4087 1681 4126 uon
1699 4067 1723 4124 in

406 4170 529 4248 regione
551 4173 748 4252 Odrysarum,
771 4174 824 4233 sed
846 4173 877 4232 in
898 4173 991 4250 Bizye
1006 4173 1078 4231 urbe
1101 4173 1184 4248 regia
1205 4173 1355 4249 quondam
1369 4173 1514 4231 datarum
1525 4165 1571 4248 ⁸);
1593 4172 1663 4230 item
1682 4189 1723 4229 na-

410 4272 491 4332 tione
513 4293 565 4336 eos
587 4296 686 4354 neque
708 4275 837 4354 Odrysis
859 4276 1050 4336 adnumerari
1070 4294 1167 4352 neque
1184 4273 1357 4349 Astis,.sed
1379 4273 1518 4334 diversae
1538 4277 1624 4352 genti
1644 4273 1724 4334 Thm-

407 4439 610 4455 ———-—.

483 4551 507 4616 ¹)
531 4555 567 4606 A.
582 4557 653 4607 1874
671 4558 727 4621 p.l
748 4571 801 4622 seq.
839 4555 1000 4621 Apographa
1023 4561 1049 4606 ct
1071 4561 1174 4621 ectypa,
1200 4557 1292 4622 quibus
1315 4558 1370 4624 ipse
1394 4574 1456 4609 usus
1479 4565 1530 4621 est,
1561 4571 1614 4622 ego
1635 4567 1722 4622 qnoque

404 4643 530 4697 beneflcio
554 4648 609 4698 eius
634 4649 748 4715 inspexi,
777 4662 861 4714 neque
887 4655 974 4698 umen
997 4650 1135 4715 quicquam
1158 4652 1259 4716 repperi
1285 4651 1355 4717 quod
1373 4651 1480 4702 editioni
1505 4657 1629 4702 accurate
1653 4649 1722 4700 betae

405 4737 557 4790 adiceretur.

482 4828 507 4894 ²)
532 4833 626 4887 Strabo
647 4835 662 4884 7
681 4834 714 4884 fr.
729 4835 774 4884 48.

481 4921 507 4987 ³)
530 4926 572 4977 Ita
585 4925 665 4992 Cotys
683 4927 706 4976 is
725 4925 815 4992 quiin
833 4924 902 4976 bello
915 4925 1021 4976 Persico
1041 4932 1132 4976 contra
1143 4927 1276 4979 Romanos
1295 4941 1368 4978 arma
1386 4927 1444 4977 tulit
1454 4927 1531 4978 Livio
1543 4927 1643 4980 dicitnr
1657 4925 1722 4978 modu

408 5011 564 5083 Odrysarum
580 5033 627 5069 rea·
645 5019 807 5081 42‚29,1a,
827 5018 967 5080 e.51,10‚
987 5018 1066 5069 modo
1084 5034 1130 5068 rea
1153 5017 1278 5070 Thracum
1296 5020 1341 5082 45,
1356 5021 1399 5070 42.

479 5107 504 5172 ¹)
529 5110 583 5161 Dio
598 5111 642 5174 51,
658 5111 701 5162 25.
729 5111 838 5161 Praeses
850 5109 1021 5166 Macedoniae
1039 5125 1064 5161 a.
1076 5111 1128 5161 732
1148 5111 1282 5174 iudicium,
1303 5113 1444 5164 maiestatis
1457 5113 1562 5178 opinor,
1584 5115 1662 5165 subiit
1674 5127 1722 5178 pro

401 5208 460 5266 pter
477 5201 572 5252 bellum
591 5201 700 5267 Odrysis
719 5217 766 5253 sus
784 5210 876 5268 sponte
894 5203 995 5252 illatum
1015 5201 1079 5264 (Dio
1100 5203 1143 5267 54,
1166 5205 1202 5266 3).

479 5291 503 5355 ⁵)
526 5294 569 5344 De
587 5308 619 5344 ea
636 5309 665 5344 re
684 5295 850 5359 exposuimus
869 5295 938 5346 inira
956 5311 982 5360 p.
997 5295 1060 5346 252.
