3530 5932
346 565 692 619 COMMENTATIONES
710 567 990 618 EPIGRAPHICAE
1009 567 1112 620 'IRES-
1326 545 1416 618 193·

627 669 781 678 ...ι-α.-

513 757 794 819 BRVTTIORVM
815 757 943 820 AGER.

551 878 912 940 MAMBBTINORVM.

81 1067 128 1127 95.
167 1065 316 1128 Nummus
343 1085 454 1126 aeneus
476 1066 723 1126 Mamertinorum
750 1067 938 1127 collectionis
975 1069 1094 1128 Pennisa‘
1114 1069 1206 1127 habet
1227 1076 1316 1144 caput
1335 1067 1401 1124 lau·

80 1181 181 1228 reatum
207 1170 384 1248 Appollinis
412 1178 443 1228 et
468 1169 598 1247 effigiem
624 1169 770 1230 Bellonae
792 1171 982 1230 dextrorsum
1004 1171 1194 1248 procedentis
1224 1170 1403 1229 cumbusta

79 1291 109 1331 ac
128 1281 207 1332 scuto
229 1272 319 1332 titulo
343 1269 471 1332 Graecis
494 1271 603 1331 litteris
627 1273 867 1351 circumscripto:

587 1409 882 1494 nanspwnorn
971 1448 973 1452 .

78 1569 155 1625 quem
186 1549 339 1624 praecedit
363 1549 463 1608 littcra
488 1547 585 1608 maior
612 1553 646 1606 Υ.
694 1545 820 1606 Nummi
852 1547 982 1626 effigiem
1003 1537 1188 1607 ¹delineatam
1220 1547 1293 1606 mihi
1321 1546 1403 1607 misit

78 1653 110 1709 A.
131 1649 261 1724 Salinas,
282 1659 346 1710 tum
367 1650 431 1728 ipse
450 1650 615 1728 publicavit
636 1647 700 1726 (La
715 1650 868 1709 collacione
881 1655 1010 1710 numiam.
1034 1649 1162 1721 Pantulei,
1184 1662 1203 1710 t.
1215 1649 1274 1722 IX,
1289 1641 1400 1727 'n.22).

78 1753 112 1812 Et
134 1753 211 1832 typis
239 1763 269 1812 et
296 1752 398 1811 litters
424 1757 447 1806 Υ
475 1751 575 1810 differt
599 1752 647 1809 hic
676 1770 813 1811 nummus
845 1752 882 1811 ab
910 1751 979 1824 illo,
1011 1771 1100 1828 quem
1132 1751 1156 1810 Ι.
1186 1751 1403 1811 Friedlaender

77 1855 230 1934 publicavit
256 1875 325 1914 cum
357 1855 453 1932 capite
482 1853 615 1926 Dianae,
643 1853 784 1932 omphale
818 1855 866 1913 vel
892 1856 1022 1926 cortina,
1054 1854 1142 1914 titulo
1177 1854 1402 1932 circumscripto

78 1980 264 2041 μαωρτινουμ,
295 1957 397 2016 littera
420 1962 445 2012 Λ
472 1957 643 2032 subscripta
667 1957 699 2015 in
726 1964 879 2034 segmento
913 1957 1000 2032 (ost.
1022 1957 1121 2016 Maiuz.
1150 1957 1238 2028 VIII,
1269 1957 1401 2016 Mamert.

63 2081 103 2136 ,p
117 2061 153 2120 60
173 2062 244 2137 sp).
289 2057 367 2119 (lum
389 2060 420 2117 iu
443 2077 564 2117 nummo
585 2051 706 2118 Penelei
727 2067 871 2138 appareat
892 2059 1036 2120 Bellonae
1059 2059 1213 2118 simillima
1234 2059 1348 2136 effigies
1370 2069 1403 2119 ut

77 2162 103 2218 in
122 2163 249 2221 nummis
271 2161 452 2238 quibusdam
475 2161 672 2232 Bruttiorum,
694 2179 770 2237 quos
792 2161 817 2220 I.
841 2160 1055 2221 Friedlaender
1076 2162 1149 2220 mihi
1170 2161 1349 2220 monstravit
1370 2163 1401 2220 in

79 2263 185 2324 scriniis
198 2263 386 2324 collectionis
401 2283 589 2323 nummorum
604 2263 808 2324 Berolineusis
823 2245 1007 2338 asservatos,
1029 2273 1260 2323 consentaneum
1277 2263 1402 2334 videtur,

77 2366 150 2426 illiue
184 2367 334 2444 originem
366 2375 500 2443 repetere
530 2365 727 2424 aMamertio
750 2366 867 2444 oppido
898 2368 929 2425 in
955 2366 1082 2426 Bruttiis
1115 2366 1244 2439 condito,
1281 2385 1342 2426 non
1364 2366 1402 2424 ad

77 2469 240 2528 Messanam
264 2487 284 2526 a
305 2468 491 2528 Mamertinis
514 2477 632 2546 captam
653 2468 774 2528 referre.
829 2466 971 2528 Ceterum
994 2466 1126 2528 Genitivi
1154 2467 1280 2545 pluralis
1305 2467 1403 2527 forma

78 2591 256 2655 υααερτινουμ
288 2571 378 2629 etiam
410 2571 441 2629 iu
475 2570 596 2630 duabus
628 2571 738 2648 tegulis
760 2571 1000 2631 Messinensibus
1028 2571 1138 2650 legitur
1160 2570 1307 2649 (Monate.
1334 2569 1400 2629 Unt.

76 2673 148 2731 Diui.
167 2692 201 2749 p.
217 2671 290 2740 199,
312 2671 406 2750 XM).

233 3260 457 3322 LVCANIAE
478 3258 561 3320 VEL
583 3259 867 3321 BRVTTIORVM
892 3258 1009 3321 Loca
1029 3259 1227 3322 INCERTA.

78 3447 127 3508 96·
169 3449 296 3509 Titulus
321 3450 427 3525 galeae
454 3467 565 3508 aeneae
592 3449 703 3507 fissura
735 3449 772 3506 ab
798 3448 901 3524 aliqua
925 3457 1012 3526 parte
1038 3448 1230 3523 dehiscentis,
1267 3450 1339 3509 olim
1371 3449 1402 3509 in

111 3553 286 3613 collectione
311 3552 439 3628 quadam
467 3569 565 3610 rerum
599 3551 787 3627 antiquarum
816 3550 953 3627 Magnae,
977 3549 1115 3622 Graecia,
1135 3552 1256 3611 vendita
1283 3571 1302 3610 a
1328 3551 1402 3610 duce

115 3656 189 3714 della
222 3655 363 3728 l'crdaru,
384 3643 464 3714 nunc
485 3655 517 3712 in
538 3671 641 3714 museo
663 3653 893 3712 Panormitano:

405 3789 1069 3866 T31>31>33T33833183tss

524 3923 632 4015 Τρεβις
653 3931 688 3995 Σ.
712 3932 822 3998 {serso
844 3925 936 3994 διδετ.

474 4052 604 4112 Trebius
627 4050 712 4113 Sexti
732 4053 752 4112 i.
777 4052 900 4115 Sextius
922 4054 1012 4115 dedit.

151 4228 243 4288 Duae
257 4236 451 4287 asservantur
473 4228 577 4304 galeae
599 4247 708 4288 aeneae
729 4230 761 4288 in
783 4248 886 4291 museo
901 4230 1117 4290 Panormitano
1129 4229 1263 4288 eiusdem
1279 4229 1402 4300 formae,

80 4329 165 4390 ultera
184 4332 300 4390 fissura
326 4329 484 4390 dehiscens
511 4348 577 4389 cum
605 4331 692 4389 titulo
714 4334 930 4409 supraposita
952 4331 1080 4392 Graecis
1108 4332 1215 4391 litteris
1239 4330 1401 4390 subtilibus

81 4433 247 4492 acutissimo
269 4433 395 4510 graphio
427 4433 458 4490 in
494 4450 545 4492 aes
581 4433 695 4504 incisis,
729 4433 824 4492 altera
851 4435 968 4512 integra
989 4453 1056 4492 cum
1083 4433 1187 4494 eadem
1208 4433 1402 4511 inscriptione

79 4533 238 4593 litterarum
259 4535 364 4594 formis
385 4533 563 4606 simillimis,
590 4536 643 4594 sed
665 4536 819 4612 scriptoris
845 4537 996 4595 erroribus
1019 4536 1198 4614 quibusdam
1222 4536 1402 4613 suspiciosa.

81 4633 156 4694 Hane
178 4637 306 4696 alteram
339 4656 377 4695 ex
410 4647 516 4712 ectypo
538 4637 631 4696 edidit
658 4648 689 4697 et
709 4639 924 4714 interpretatus
947 4646 993 4696 est
1016 4641 1129 4714 primus
1157 4637 1302 4709 Fabretti,
1329 4638 1404 4696 Rcal

84 4739 184 4797 decad.
210 4741 242 4797 di
266 4739 373 4797 Tora'no
395 4740 548 4797 Adustum.
572 4741 600 4798 d.
627 4740 669 4800 Cl.
692 4742 720 4800 d.
743 4759 782 4798 ac.
805 4761 874 4799 mor.
898 4751 966 4800 utor.
984 4741 1028 4818 fil.
1051 4740 1093 4800 29
1113 4759 1206 4817 mqu.
1229 4740 1315 4810 1864,
1340 4749 1405 4798 tum

82 4856 130 4915 ego
150 4841 277 4899 baotavi
299 4851 406 4918 ectypo
428 4841 483 4898 illo
504 4841 613 4913 fretus,
640 4861 706 4901 cum
727 4843 886 4902 verborum
908 4844 1023 4903 formae
1045 4843 1124 4902 tituli
1151 4843 1228 4902 nihil
1248 4842 1402 4912 baberent,

83 4943 155 5014 quod
189 4963 209 5002 a
241 4943 360 5020 linguae
391 4942 487 5002 Oscae
523 4945 739 5004 cousuetudine
768 4955 798 5004 et
830 4947 944 5004 ratione
977 4946 1159 5018 abhorreret,
1192 4945 1226 5002 Z.
1254 4946 1281 5018 s.
1315 4943 1402 5021 verpl.

84 5041 144 5119 Spr.
170 5044 267 5115 XIII,
299 5046 362 5106 250
384 5063 428 5121 aq.
471 5045 547 5104 Post
574 5047 728 5124 utriusque
764 5047 870 5124 galeae
902 5048 1020 5107 titulum
1048 5047 1109 5106 vidi
1139 5059 1170 5116 et
1197 5046 1344 5105 delineari
1372 5047 1403 5104 iu

85 5163 180 5205 museo
202 5147 433 5220 Panormitano,
462 5157 491 5205 et
519 5167 566 5207 me
588 5158 711 5227 rogante
734 5151 772 5208 A.
796 5147 916 5210 Salinas
944 5160 1051 5228 ectypa
1072 5150 1300 5228 inscriptionum
1323 5149 1405 5207 misit

86 5255 160 5306 carta
184 5249 308 5310 humida
335 5259 366 5310 et
392 5263 501 5311 stanno
528 5268 681 5328 expressa.
726 5250 804 5310 Tum
829 5254 895 5332 ipse
925 5253 969 5312 vir
997 5252 1186 5313 doctissimus
1217 5271 1276 5312 nou
1304 5251 1403 5309 solum
