3530 5932
951 543 1113 594 CORSSBN
1124 549 1132 592 :

1100 643 1680 651 ———————-———

818 818 1111 879 AVRVNCORVM
1139 818 1264 878 AGBR.

939 955 1154 1018 AVRVNCA.

380 1143 428 1202 71.
466 1141 614 1202 Nummus
638 1161 749 1202 aeneus
765 1144 860 1203 musei
875 1143 1043 1202 Britannici
1058 1145 1096 1202 ab
1119 1145 1214 1203 altera
1233 1152 1317 1219 parte
1331 1144 1421 1202 babet
1435 1152 1525 1221 caput
1538 1141 1684 1200 laureatum

421 1245 573 1322 Apollinis
602 1263 668 1303 cum
702 1246 803 1304 littera
824 1251 860 1317 Θ,
893 1249 930 1304 ab
957 1247 1052 1305 altera
1079 1247 1251 1322 delphinum
1274 1267 1339 1305 cum
1363 1247 1533 1304 nominibus
1555 1244 1649 1321 oppidi
1666 1255 1689 1301 et

421 1348 614 1426 magistratus
637 1349 794 1406 monetarii
817 1367 908 1426 supra
930 1356 960 1406 et
982 1349 1060 1407 infra
1082 1349 1217 1424 scriptis:

686 1485 881 1559 aurunkud
1251 1509 1402 1567 Aurunca.

686 1692 842 1777 makdiis
1248 1713 1403 1772 nacturus.

466 1849 561 1908 Catcl.
577 1852 612 1925 os
621 1851 666 1908 tle
681 1849 733 1908 Gr.
748 1855 819 1908 coia.
834 1851 911 1909 Brit.
928 1850 1004 1911 Mas.
1014 1850 1051 1910 It.
1064 1872 1095 1926 p.
1112 1853 1158 1909 75.
1189 1849 1283 1910 Cuius
1298 1851 1411 1910 nummi
1425 1848 1616 1926 exemplaria,
1630 1867 1692 1924 quac

379 1950 404 2009 I.
427 1950 641 2011 Friedlaender
662 1952 835 2028 publicavit,
871 1954 1001 2012 incertas
1034 1953 1248 2011 tandummodo
1275 1953 1422 2029 quasdam
1450 1953 1581 2010 nominis
1608 1950 1691 2026 oppidi

379 2054 534 2112 Auruncus
557 2053 629 2114 Osci
651 2055 806 2130 relliquias
825 2052 940 2114 habent
961 2073 1027 2114 cum
1049 2057 1170 2114 nomine
1185 2055 1378 2132 magistratus
1394 2053 1537 2125 Matala,
1559 2053 1692 2111 Mucldiis

382 2155 467 2230 (Oalc.
499 2156 596 2215 Mons.
627 2167 646 2216 l.
676 2158 761 2216 VIII.
783 2177 812 2234 p.
835 2159 875 2217 63
896 2157 964 2234 aq.).
1019 2157 1095 2217 Post
1122 2155 1269 2218 Garruoci
1297 2156 1423 2234 protulit
1454 2156 1610 2232 exemplar
1639 2173 1693 2212 cum

380 2257 488 2317 litteris
511 2259 614 2336 oppidi
626 2260 756 2318 nominis
772 2260 904 2319 Aurana.
927 2270 957 2318 ct
970 2262 1090 2319 nomine
1105 2261 1299 2337 magistratus
1316 2260 1334 2334 (
1332 2260 1366 2316 M
1363 2259 1510 2334 )calcdiia‚
1533 2257 1615 2316 Ball.
1628 2256 1694 2313 arel.

260 2424 267 2442 .
378 2359 459 2438 Nas-
482 2381 527 2419 nv·
549 2380 573 2420 ε.
596 2362 624 2433 Ι,
646 2370 704 2420 av·
727 2362 786 2432 IV.
808 2363 836 2421 4.
854 2382 888 2439 p.
911 2364 955 2422 aa
976 2381 1030 2438 aq.
1051 2363 1130 2422 unae
1152 2363 1288 2433 sacratu,
1314 2359 1385 2420 cr.
1400 2362 1439 2420 n.
1457 2361 1552 2427 2745.
1573 2381 1601 2418 a.
1616 2358 1693 2418 clar.

378 2461 416 2520 It.
439 2482 472 2539 p.
498 2464 596 2535 1090,
625 2483 684 2541 apo,
713 2464 748 2522 Z.
770 2467 797 2539 s.
828 2466 915 2542 cerpl.
944 2463 1010 2540 Spr.
1037 2465 1096 2538 XI,
1127 2465 1199 2524 324.
1247 2465 1343 2524 Musei
1376 2464 1544 2524 Britannici
1575 2479 1695 2521 nummus

379 2565 529 2642 integrum
551 2565 715 2626 ablativum
738 2566 814 2643 sing.
837 2567 966 2626 nominis
983 2567 1055 2627 Osci
1072 2569 1225 2626 Auruncae
1246 2567 1363 2644 oppidi:
1386 2567 1555 2625 Aurucltad
1573 2564 1696 2632 servarit,

378 2666 456 2726 uude
472 2668 614 2743 sequitur,
637 2670 727 2728 etiam
749 2670 779 2727 in
798 2671 904 2729 ceteris
918 2670 1140 2748 exemplaribus
1162 2670 1296 2729 eiusdem
1319 2670 1431 2728 nummi
1453 2671 1535 2728 hunc
1550 2669 1696 2728 ablativum

383 2777 435 2827 aut
458 2771 595 2829 omnibus
616 2771 725 2830 litteris
749 2773 892 2848 scriptum
915 2783 968 2832 aut
989 2782 1060 2831 nota
1080 2774 1243 2832 indicatum
1264 2771 1366 2830 fuisse.

802 3310 919 3370 AGBR
940 3309 1282 3373 TARRICINENSIS.

382 3493 437 3554 72.
474 3494 606 3553 Tessera
628 3495 759 3555 eburnea
779 3497 906 3557 Romam
930 3498 1023 3557 allata
1043 3497 1082 3556 ad
1105 3496 1271 3559 Sauliuium
1294 3519 1332 3558 ex
1354 3503 1417 3577 agri
1440 3497 1660 3558 Tarricineosi:

872 3652 1017 3714 STATlS
1031 3695 1037 3708 .
1051 3599 1178 3715 ctolt
1191 3696 1198 3710 .
1212 3653 1240 3713 C

832 3753 947 3816 Statius
971 3754 1098 3816 Cluilius
1137 3755 1227 3817 Gavii
1248 3757 1269 3816 f.

462 3891 575 3964 Brona,
610 3892 693 3950 Ball.
728 3895 755 3951 d.
777 3895 851 3952 Inat.
874 3913 901 3952 a.
925 3894 1071 3964 Ε.1864,
1095 3915 1127 3972 p.
1149 3895 1197 3954 37.
1220 3895 1271 3954 38.
1317 3893 1351 3953 G.
1382 3895 1568 3968 Willmanns,
1590 3893 1699 3970 Epicu.

382 3996 472 4068 epigr.
496 3993 521 4064 I,
540 4012 573 4068 p.
595 3993 646 4052 32.
692 3992 767 4052 Cum
790 3996 820 4054 iu
842 3997 899 4055 hoc
920 3994 1006 4055 titulo
1028 4004 1173 4074 appareat
1194 3997 1286 4056 Statio
1309 4015 1491 4073 praenomen
1511 4006 1548 4055 ut
1571 3995 1659 4056 Stulta
1677 3995 1702 4049 in

380 4094 456 4152 stela
478 4091 614 4154 Cumana
643 4098 696 4172 (cs.
718 4115 798 4173 supr.
820 4117 848 4156 n.
871 4097 932 4174 17),
954 4108 984 4156 et
1008 4107 1081 4158 nota
1107 4099 1309 4176 praenominis
1335 4101 1430 4177 patris
1455 4101 1485 4160 C.
1514 4120 1579 4159 non
1605 4097 1699 4156 addita

381 4195 481 4255 littera
507 4197 603 4274 prima
630 4199 713 4256 vocis
743 4198 825 4273 filius
853 4201 965 4275 scripta
991 4202 1046 4272 sit,
1080 4199 1120 4261 G.
1143 4201 1325 4260 Willmanns
1359 4213 1438 4261 recte
1467 4202 1622 4274 iudicavit,
1650 4216 1701 4255 nou

382 4296 527 4358 Latinum
550 4317 617 4358 esse
638 4300 718 4359 hunc
740 4301 868 4374 titulum,
890 4303 945 4362 sed
967 4301 1080 4362 Oscum
1101 4303 1220 4362 Latinis
1242 4304 1352 4363 litteris
1374 4306 1525 4381 scriptum.

804 4833 1143 4910 Aaovmvnoavu
1166 4835 1290 4895 aona.

386 5016 440 5079 73.
483 5018 577 5097 Lapis
609 5021 748 5080 inventus
781 5021 813 5078 in
847 5039 921 5098 agro
954 5020 1087 5079 Cicolcco
1119 5021 1157 5079 ad
1189 5025 1286 5079 vicum
1318 5021 1410 5080 Nesca
1442 5021 1520 5081 baud
1556 5020 1659 5098 procul
1687 5037 1703 5073 a

424 5119 667 5182 Peacorocclliuac
697 5123 728 5180 in
764 5124 943 5198 delegatione
967 5123 1045 5181 Rieu
1065 5142 1165 5183 mense
1186 5123 1328 5182 Ianuario
1355 5143 1402 5182 an.
1432 5125 1510 5184 1859
1540 5126 1572 5184 in
1593 5139 1703 5182 camera

425 5224 620 5284 subterranea
640 5242 706 5283 cum
728 5224 859 5285 nummis
881 5233 911 5284 st
932 5225 1016 5284 varia
1038 5225 1218 5302 supellectili
1239 5235 1271 5284 et
1290 5225 1387 5286 titulis
1407 5224 1541 5284 Latinis:
