3532 5938
379 535 454 606 264
675 554 984 608 oasnnvamorsns
1009 554 1286 608 amensamens
1303 555 1408 609 xum.

378 655 530 664 ———-—-
939 657 1091 666 ,ι--υ--ι

376 1187 494 1248 XVlII.
520 1185 759 1248 DEDIOATIO
787 1185 930 1247 FACTA
956 1185 1012 1247 OB
1040 1185 1283 1248 VICTORIAM
1309 1185 1367 1246 DE
1388 1186 1699 1249 TAGFARINATE.

377 1426 510 1555 Misit
547 1495 619 1553 mihi
651 1514 690 1553 ex
717 1495 850 1573 Trapani
891 1495 1001 1573 oppido
1029 1493 1150 1556 Siciliae
1186 1512 1285 1553 comes
1315 1494 1495 1555 Franciacus
1525 1495 1701 1556 Hernandez

378 1607 414 1664 de
444 1603 572 1664 Carrera
602 1605 721 1663 titulum
758 1607 809 1682 qui
840 1605 976 1681 sequitur
1010 1605 1065 1662 sub
1097 1604 1126 1662 A
1157 1613 1305 1682 repertum
1341 1604 1379 1663 ad
1410 1604 1542 1681 Erycem
1581 1616 1701 1664 montem

378 1708 629 1785 adservatumque
664 1707 752 1766 hodie
784 1708 864 1766 domi
900 1724 972 1764 susc
1008 1716 1038 1764 et
1074 1725 1092 1764 a
1128 1725 1160 1765 sc
1196 1708 1312 1766 curiose
1347 1691 1546 1782 descriptum3
1587 1709 1702 1766 eunden

379 1813 559 1888 descriptum
593 1809 674 1868 dedit
706 1809 855 1868 Bardtius.
899 1808 1030 1868 Litterae
1067 1809 1233 1867 carminum
1266 1809 1397 1868 minutae
1429 1816 1499 1867 sunt
1534 1816 1568 1868 et
1588 1831 1701 1888 pratae.

1025 2099 1064 2158 A.

659 2319 917 2398 suauis
976 2303 1267 2443 ‘Nx

657 2460 696 2534 n
715 2517 723 2535 .
739 2460 1029 2540 navemus·

649 2620 721 2662 svta
737 2621 851 2664 ·BEl.LA
1005 2619 1341 2668 Fatlcamouamvtt

642 2740 804 2786 tvsrlostls
990 2745 1104 2789 arnoul
1134 2759 1141 2773 ·
1170 2743 1324 2786 strictura·

997 2866 1047 2909 lllC
1059 2879 1066 2895 ·
1078 2865 1240 2908 laudavit
1251 2880 1257 2893 ·
1269 2864 1351 2908 utcu

999 2993 1193 3036 praetextas
1208 3007 1215 3021 ·
1235 2992 1352 3036 rosum

918 3190 921 3200 ¹
991 3127 1155 3170 serrantur
1185 3128 1260 3172 evea
1287 3131 1347 3174 nau

995 3253 1111 3300 masas
1126 3255 1218 3311 oyan
1238 3245 1348 3302 ornant

1161 3384 1178 3425 Ι.
1193 3400 1200 3414 ·
1216 3386 1352 3432 attolite

467 3913 592 3992 Apronii
616 3932 723 3972 nomen
755 3931 822 3973 cum
854 3915 886 3974 in
912 3935 990 3976 novo
1013 3915 1178 3994 fragmento
1205 3915 1252 3974 bis
1278 3915 1408 3991 legatur,
1442 3913 1516 3972 item
1544 3910 1706 3973 tertiumin

385 4014 618 4090 Gualtheriano,
645 4027 800 4092 praetcrea
819 4017 908 4076 facile
929 4019 1121 4095 intellegatur
1143 4017 1360 4076 dedicationem
1388 4017 1464 4074 hanc
1493 4016 1628 4074 oblatam
1648 4031 1707 4073 esse

383 4129 507 4198 propter
527 4119 730 4196 Aproniorum
752 4119 877 4178 duorum
900 4121 993 4198 patris
1016 4121 1129 4197 filiique
1150 4137 1280 4198 pugnam
1303 4137 1371 4178 cum
1393 4117 1552 4191 Gaetulis,
1575 4120 1634 4178 iam
1655 4134 1705 4194 quo

383 4223 540 4298 pertineat,
563 4221 694 4298 explicat
718 4221 844 4281 Tacitus
866 4223 954 4281 tertio
976 4223 1077 4283 annali
1099 4221 1137 4297 (c.
1152 4221 1205 4298 21)
1228 4239 1372 4282 enarrans
1394 4221 1504 4280 bellum
1525 4241 1546 4279 a
1568 4220 1606 4280 L.
1621 4222 1708 4296 Apro

383 4329 434 4383 nio
455 4324 634 4402 proconsule
660 4323 782 4382 Africae
809 4325 975 4402 imperante
1002 4325 1124 4384 Tiberio
1152 4343 1178 4382 a.
1201 4343 1231 4400 p.
1255 4322 1325 4382 Chr.
1355 4321 1394 4381 20
1421 4333 1541 4400 gestum
1572 4324 1706 4382 adversus

384 4427 605 4486 Tacfarinatem
628 4426 732 4484 ducem
753 4425 954 4485 Numidarum
975 4427 1222 4486 Musulamiorum
1244 4435 1274 4484 et
1294 4425 1402 4484 finiens
1425 4426 1483 4484 sic:
1508 4423 1707 4500 (Tacfarinas)

379 4540 534 4607 postquam
550 4529 659 4604 defleat
671 4529 712 4586 ad
724 4532 881 4588 amritimos
897 4531 988 4601 locos,
1004 4518 1141 4606 ialipa'tas
1153 4529 1267 4605 praeda
1281 4531 1394 4586 stativis
1410 4531 1516 4588 castras
1532 4528 1706 4588 adbaasbat

383 4631 479 4691 Missa
501 4635 598 4708 patris
626 4631 775 4707 Apronius
806 4629 964 4692 Caesianus
991 4652 1053 4692 cam
1080 4637 1171 4708 equits
1198 4640 1225 4690 et
1251 4632 1410 4690 cohortibus
1441 4631 1625 4703 auxiliariis,
1651 4631 1706 4704 qais

381 4735 573 4794 velocissimos
600 4734 739 4809 lepioaam
766 4733 932 4806 addiderat,
955 4754 1127 4811 prosperam
1152 4735 1303 4792 adrasum
1330 4733 1474 4792 Numidas
1499 4753 1630 4810 puppam
1641 4733 1706 4808 jacit

380 4837 518 4914 pellitque
552 4841 583 4895 ia
618 4837 739 4894 deserta.
782 4836 830 4895 Ita
856 4857 923 4896 cum
952 4847 1159 4916 argumentum
1193 4838 1355 4896 carminum
1385 4836 1616 4907 interviderem,
1650 4839 1707 4910 ipss

384 4938 569 4998 Buechelero
600 4939 713 4998 tramisi
742 4956 869 5015 rogans,
897 4951 930 4998 ut
965 4959 1067 4998 eorum
1103 4940 1350 5000 restituendorum
1392 4938 1561 5014 periculum
1597 4938 1706 4996 faceret·

385 5039 475 5114 Quod
499 5043 543 5100 its
568 5041 703 5119 perfecit,
729 5053 762 5100 ut
788 5059 872 5117 spem
899 5061 987 5118 quam
1013 5043 1158 5102 habebam
1185 5051 1307 5102 eventus
1335 5041 1430 5120 ¹longe
1456 5054 1629 5117 superma
1659 5053 1705 5094 nec

384 5143 566 5203 committere
588 5144 681 5218 volui,
704 5151 737 5202 ut
758 5162 877 5204 carmen
898 5151 1021 5222 propter
1042 5165 1141 5203 rerum
1163 5145 1336 5204 memoriam
1363 5143 1559 5204 memorabile
1586 5161 1639 5202 nec
1659 5159 1705 5216 per

384 5263 416 5305 se
438 5245 636 5323 spernendam
661 5247 721 5306 iam
744 5247 861 5326 egregie
882 5255 1028 5306 resartum
1052 5246 1164 5306 diutius
1186 5247 1300 5305 lateret.
