3530 5932
550 1876 1058 1992 enuntiationes
1097 1877 1571 1992 EPIGRAPHIOAE.

984 2187 1136 2196 ——-—.-

620 2447 708 2506 XVI.
754 2445 783 2507 S.
808 2446 843 2506 C.
866 2446 925 2506 DE
949 2444 1176 2508 THISBAEIS
1205 2445 1498 2534 RECOGNJTVM.

673 2587 895 2653 (Supplementum
915 2589 947 2637 sd
967 2588 1022 2638 obs.
1034 2588 1087 2638 XV
1106 2602 1129 2638 a.
1146 2588 1215 2638 1872
1235 2603 1260 2652 p.
1276 2587 1451 2656 tte-298.)

397 2737 498 2912 Qui
530 2836 644 2876 summo
676 2817 743 2876 loco
774 2817 941 2876 litterarum
973 2835 1073 2874 cirrum
1106 2815 1235 2874 Athenis
1272 2816 1390 2891 publice
1423 2815 1485 2892 agit
1517 2812 1695 2875 Eustratiades

394 2931 555 2999 postquam
583 2920 878 2980 senatusconsultum
905 2919 942 2977 de
969 2918 1132 2977 Thisbaeis
1165 2935 1268 2977 mense
1297 2915 1467 2996 Septembri
1494 2919 1564 2976 anui
1590 2915 1695 2993 pronimi

394 3043 433 3082 ex
470 3023 598 3101 ignobili
636 3023 717 3094 vico,
756 3023 807 3080 ubi
845 3021 970 3099 prodiit,
1007 3021 1143 3078 Athenas
1184 3019 1375 3080 deferendum
1415 3021 1545 3093 curavit,
1584 3020 1622 3106 ibi
1653 3019 1696 3076 iau

393 3134 578 3203 prostantem
607 3125 737 3202 lapidem
764 3127 796 3184 in
823 3142 927 3184 museo
956 3124 994 3181 ad
1017 3124 1097 3181 viam
1119 3104 1283 3182 Patiseiam
1310 3124 1428 3201 publice
1455 3125 1623 3202 expositum
1647 3139 1698 3178 mea

393 3247 487 3288 causa
518 3228 615 3286 denuo
648 3228 782 3304 inspexit
813 3235 843 3285 et
873 3226 1104 3302 diligentissime
1136 3227 1310 3302 recognovit
1343 3224 1415 3284 Otto
1448 3225 1582 3285 Lueders
1612 3226 1698 3282 horum

394 3332 561 3390 studiorum
583 3331 664 3388 fideli
687 3331 830 3388 societate
851 3328 1007 3387 nobiscum
1030 3328 1222 3406 coniunctus.¹
1261 3327 1308 3386 Ea
1327 3329 1491 3404 recognitio
1517 3329 1575 3388 etei
1599 3328 1627 3386 in
1649 3325 1699 3384 uni·

393 3451 512 3491 versum
536 3433 723 3491 confirmavit
743 3432 775 3491 id
797 3432 833 3490 de
854 3449 913 3507 quo
936 3451 974 3488 ne
995 3437 1084 3487 antea
1105 3429 1224 3507 quidem
1240 3429 1370 3488 dubitari
1392 3439 1472 3490 recte
1493 3437 1615 3508 poterat,
1635 3428 1699 3486 Fou-

394 3545 508 3594 cartum
535 3535 634 3594 officio
662 3553 721 3592 non
750 3534 908 3592 admodum
937 3533 1019 3591 sacili
1040 3531 1173 3591 functum
1196 3551 1263 3592 esse
1289 3543 1410 3591 strenue
1435 3543 1465 3592 et
1491 3534 1598 3609 perite,
1624 3529 1698 3590 nihilo

394 3639 491 3697 minus
515 3636 737 3696 emendationes
760 3637 906 3718 quasdam
929 3635 1142 3711 suppeditavit,
1165 3635 1274 3711 quibus
1296 3635 1448 3711 egregium
1471 3644 1501 3694 et
1521 3655 1613 3714 paene
1633 3633 1698 3690 dixe·

393 3742 449 3799 rim
472 3740 647 3817 primarium
669 3740 897 3796 instrumentum
919 3737 1099 3813 quibusdam
1120 3738 1195 3797 locis
1211 3740 1396 3796 emaculetur
1412 3724 1448 3796 ¹et
1468 3757 1548 3796 nova
1568 3738 1628 3795 luce
1646 3733 1699 3792 illu-

394 3853 513 3902 stratur.
558 3825 760 3915 Quamobrem
789 3841 847 3898 mei
874 3839 964 3897 oflicii
992 3839 1065 3897 duxi
1092 3858 1144 3898 eas
1166 3859 1256 3917 quam
1284 3839 1413 3916 primum
1439 3840 1505 3899 fieri
1533 3841 1626 3916 potuit
1647 3853 1698 3895 cum

393 3947 432 4005 iie
454 3963 579 4021 qnorum
601 3944 725 4002 interest
746 3943 865 4020 publice
886 3943 1113 4001 communicare.

477 4101 514 4160 V.
539 4101 650 4160 6-10
676 4101 720 4157 ita
746 4099 889 4157 mutanda
916 4107 997 4158 sunt:
1026 4087 1092 4181 Περὶ
1120 4085 1157 4154 aiv
1179 4089 1311 4176 ΘισθΙεῖς
1336 4088 1443 4174 λέγους’
1469 4089 1630 4170 ἐποιήσαντο
1653 4081 1700 4175 arpi

392 4208 450 4264 τῶν
470 4198 549 4262 καθ’
564 4197 669 4262 «tinctio
692 4191 883 4284 πραγμάτων,
910 4191 1005 4260 οἵτινες
1032 4198 1060 4256 ἒν
1080 4203 1115 4278 τῇ
1136 4194 1219 4276 φιλίᾳ
1240 4203 1275 4278 τῇ
1297 4201 1302 4280 Ι
1327 4191 1443 4283 ipseipse
1466 4191 1614 4266 iniecturus,
1640 4188 1700 4253 rinus

392 4304 489 4364 advota-
511 4301 667 4383 &Subdu
691 4305 695 4380 Ι
720 4301 818 4382 o]ic¹)
841 4297 878 4358 sci
899 4297 982 4358 καθ’
998 4297 1105 4360 actitatio
1126 4293 1285 4385 πράγματα
1308 4294 1559 4384 ἒξηγῆσωνταιῗ).
1601 4301 1633 4359 ld
1652 4304 1699 4355 esi:

398 4411 484 4482 Quod
507 4409 639 4467 Tbicbuei
664 4407 750 4465 verba
773 4407 905 4479 fecerant
932 4407 966 4462 de
993 4408 1052 4463 cuia
1082 4407 1165 4463 rebus
1191 4406 1373 4480 quiquidem
1395 4410 1425 4462 io
1446 4409 1573 4466 aaaicitiu
1589 4419 1701 4481 puratu-

392 4523 503 4582 serunt,
530 4520 561 4568 ot
583 4513 684 4596 deutur
705 4508 759 4566 sibi
780 4509 882 4583 quibus
904 4511 976 4582 ipsis
999 4526 1044 4565 ree
1067 4526 1135 4566 saue
1158 4518 1306 4583 exponant.
1351 4507 1436 4581 Quae
1459 4508 1601 4566 orationis
1622 4507 1701 4562 torna

392 4623 577 4690 quantopere
599 4618 733 4688 praestet
752 4629 796 4682 ea,
820 4627 909 4686 quam
926 4618 1013 4668 antea
1035 4608 1076 4684 (p.
1093 4609 1168 4686 292)
1190 4609 1406 4668 admiseramus
1422 4629 1519 4670 rerum
1536 4630 1611 4668 nexu
1630 4604 1699 4681 flagi·

393 4727 495 4789 tatum,
519 4715 573 4773 sed
595 4714 742 4773 sermonis
766 4713 817 4770 vix
840 4712 1015 4784 tolerabilis,
1039 4731 1098 4770 non
1121 4730 1196 4788 opus
1219 4720 1265 4770 est
1285 4731 1434 4770 enarrare.

394 4937 598 4949 ——-—--

471 5089 494 5154 l)
519 5091 663 5142 bauconus
681 5091 744 5154 legit
761 5093 870 5135 aaron
893 5076 947 5154 (vel
959 5076 992 5152 Δ)
1015 5072 1255 5153 tle(?)enzltllrz‚
1281 5087 1409 5152 supplevit
1428 5078 1499 5136 αὐτοὶ
1517 5075 1646 5154 scipsum
1664 5075 1698 5134 a·

395 5185 472 5249 Quod
490 5184 574 5250 posui,
594 5183 770 5233 Kirchhollius
790 5181 896 5232 invenit.

469 5285 494 5351 ²)
513 5287 656 5338 Foucertus
673 5285 736 5350 legit
754 5287 1002 5346 emisenum,
1022 5281 1151 5348 supplevit
1169 5267 1362 5349 ιῑσηγήσωνται.
