3530 5932
290 525 645 580 uolmunuuumnus
663 525 942 578 remanseramus
963 525 1066 578 uuus.
1275 505 1345 576 187

57 701 138 773 tito-lt,
156 705 246 760 eiu-uo
265 702 297 760 in
319 699 456 760 Curabae
477 699 581 759 tabula
602 700 711 778 legitur
732 703 809 759 ici-oe
830 718 898 758 oum
919 697 1020 768 littera
1040 717 1055 756 o
1075 698 1159 758 finali
1181 697 1219 755 ad
1242 698 1348 756 simili-

59 803 156 862 tudinem
177 802 343 862 Latinorum
370 804 580 880 pronominum
607 803 689 862 lta-oe
716 803 792 862 lli-oe
818 793 956 861 aliorum.
999 799 1050 859 Ex‘
1074 801 1132 859 bau
1158 801 1249 877 igitur
1279 819 1349 878 pro·

56 907 153 964 nominis
175 905 263 964 lorma
285 905 454 984 oolligitur,
487 905 605 964 titulum
632 906 696 965 eius
728 923 765 962 ea
797 904 917 963 demum
947 912 1043 962 aetate
1069 912 1247 979 conceptum
1269 919 1348 974 esse,

56 1025 103 1065 eum
123 1008 173 1064 ian
197 1008 346 1085 integritas
372 1008 492 1085 linguae
522 1006 621 1068 Oscae
647 1006 758 1066 Latino
780 1024 917 1065 sermone
938 1005 1077 1064 immixto
1104 1005 1207 1064 fucata
1228 1014 1257 1063 et
1286 1023 1350 1064 cor·

55 1118 120 1184 mpta
140 1119 220 1182 esset,
245 1111 386 1170 videlieet
412 1111 565 1188 aliquanto
592 1121 662 1189 post
687 1109 786 1188 legem
813 1107 924 1166 Osoem
947 1106 1075 1166 Bantiae
1093 1106 1205 1185 ,oppidi
1227 1105 1350 1166 Latinis

55 1209 135 1270 litteris
153 1213 295 1290 scriptam.

577 1784 779 1848 snmnlvm.
902 1776 904 1782 ’

52 1971 91 2030 il.
128 1973 330 2053 Fragmentum
353 1976 462 2051 lapidis
484 1977 562 2036 inter
584 1977 706 2037 Atinam
729 1987 758 2036 et
780 1977 878 2040 Goetel
898 1979 930 2036 di
952 1976 1068 2053 Stupro
1090 1978 1263 2038 inventum:

326 2111 433 2186 ..ini
441 2169 551 2186 .....

325 2269 463 2346 .avieis
484 2325 493 2343 .
516 2329 524 2344 .
545 2325 555 2344 .

325 2410 579 2526 .i:peessl[dm
813 2433 1000 2511 ..templum

324 2629 333 2648 .
347 2567 545 2686 p]1:l'lfab[ted
814 2591 980 2668 probavit.

111 2741 253 2815 Garrucci,
287 2745 370 2803 Bell.
403 2746 484 2823 Nap.
506 2765 552 2805 uo.
576 2765 598 2805 o.
621 2746 665 2820 ΙΙ,
689 2757 744 2806 tao.
773 2745 808 2819 V,
840 2747 860 2805 4
887 2767 921 2822 p.
943 2745 1019 2816 165,·
1049 2746 1119 2806 inde
1145 2746 1284 2821 Fatretti,
1313 2744 1348 2807 C.

48 2839 112 2900 lit.
131 2853 149 2901 t.
169 2845 261 2918 LIII,
287 2847 379 2906 2870.
423 2848 489 2926 Ego
511 2849 635 2908 tractavi
657 2848 691 2906 Z.
708 2852 736 2925 s.
770 2848 857 2924 verpl.
891 2849 961 2925 Spr.
982 2847 1041 2922 XI,
1064 2849 1131 2908 401.
1160 2850 1199 2924 cs.
1220 2848 1282 2909 364
1303 2867 1347 2926 sq.

47 2939 153 3018 dederis,
175 2947 209 3007 F.
230 2949 260 3008 d.
289 2947 359 3008 Oak.
382 2944 452 3025 Spr.
474 2971 502 3008 n.
526 2951 636 3009 XXII.
680 2951 802 3010 Peessl.
822 2994 828 3008 .
847 2951 937 3010 habet
957 2949 1052 3027 lapis,
1073 2969 1133 3010 non
1152 2950 1234 3027 petel
1249 2994 1257 3009 .
1274 2993 1293 3022 .,
1316 2957 1350 3010 ut

47 3063 86 3120 ego
112 3049 173 3108 dedi
204 3059 235 3109 et
266 3049 379 3110 Ender.
430 3052 602 3130 Peesstptm]
636 3053 775 3132 supplevi
806 3064 837 3112 et
868 3053 1072 3113 demonstravi
1104 3061 1202 3112 ortum
1232 3070 1301 3113 esse
1332 3071 1349 3111 e

44 3147 138 3219 pallios
159 3154 317 3231 templum.

481 3687 709 3750 BOVIANVM
731 3687 881 3751 VETVS.

44 3863 83 3924 78.
117 3871 183 3932 Duo
208 3874 384 3954 fragmenta
413 3875 523 3953 lapidis
551 3877 702 3936 Tiburtini
731 3878 779 3936 die
813 3879 841 3937 7.
870 3877 1012 3938 Octobris
1044 3898 1092 3938 an.
1123 3878 1201 3938 1857
1225 3881 1347 3942 inventa

70 3971 133 4032 intra
152 3985 351 4056 consaeptum
373 3977 501 4040 aedificii
520 3978 632 4056 publici
658 3981 789 4058 spatium
816 3981 945 4040 Boviani
973 3982 1083 4040 veteris
1110 3982 1158 4040 nel
1186 3980 1345 4044 Colcolello

70 4074 95 4132 di
109 4075 383 4140 sturnitationem·
938 4075 940 4079 ’

374 4226 455 4334 stou
478 4269 745 4291 ...........
762 4219 928 4336 ‘meddls

371 4375 552 4509 tt'iv[tik]s
578 4397 784 4510 dpsannem
810 4396 928 4470 deded

364 4558 461 4670 ,ΙηΙφ
486 4499 677 4671 prufatted

372 4709 494 4773 Stenius
508 4755 682 4773 .........
695 4714 816 4774 meddix

371 4835 479 4894 tuticus
500 4835 682 4918 operandam
705 4834 787 4894 dedit

371 4965 400 5014 et
422 4956 570 5031 probavit.

101 5089 281 5182 bisseni}
302 5110 387 5168 Bull.
416 5113 495 5172 areb.
521 5111 601 5188 Nap.
623 5133 669 5171 nv.
692 5131 715 5171 o.
748 5111 797 5182 VI,
815 5132 848 5190 p.
871 5111 936 5172 190.
968 5113 1041 5186 VII,
1068 5122 1124 5174 too.
1147 5113 1192 5186 II,
1216 5114 1246 5188 3,
1267 5111 1345 5174 uude
1382 5181 1388 5190 ,

37 5197 150 5282 Iolrcttr',
171 5212 201 5272 C.
224 5214 252 5272 I.
278 5213 320 5271 It.
344 5221 364 5269 t.
388 5211 477 5285 LIV,
498 5214 587 5288 2873,
611 5215 640 5274 2.
686 5213 815 5284 Ilorelli,
841 5213 934 5288 Catal,
957 5233 1028 5274 mett.
1044 5215 1126 5292 Nap.
1141 5217 1230 5276 Raoo.
1253 5219 1345 5294 opt'9r.

1076 5317 1139 5377 13·
