3580 5938
233 1671 663 1794 stultssimus
702 1669 1259 1786 ONOMATOLOGIOAE

602 1857 892 1971 LATINAE.

670 2165 823 2175 —-—

484 2393 511 2467 Ι.
566 2391 761 2468 NOMINA
786 2391 838 2466 IN
864 2389 940 2467 ΑΝ
944 2392 1008 2468 VS.

89 2585 276 2736 Absoluto
306 2675 425 2734 demum
452 2691 577 2751 corpore
604 2673 830 2750 inscriptionum
853 2671 1028 2732 Latinarum
1049 2673 1115 2732 fieri
1136 2692 1241 2750 posse,
1269 2683 1302 2733 ut
1323 2683 1416 2732 mate·

89 2779 140 2836 ries
165 2777 424 2854 onomatologi
450 2763 575 2834 Latini
606 2776 695 2851 plena
722 2794 757 2833 ac
782 2775 877 2851 iusta,
909 2777 1029 2852 qualem
1055 2776 1190 2835 Thomas
1217 2776 1414 2836 Reinesius

90 2879 151 2938 oiim
177 2881 264 2940 cdere
294 2879 351 2938 sibi
378 2874 631 2956 proposuerat1),
659 2879 767 2937 exinde
788 2897 860 2936 vero
884 2877 998 2938 frustra
1024 2878 1264 2955 expectavimus,
1292 2887 1352 2938 tam
1378 2898 1417 2937 ex

90 2982 272 3058 scriptoribus
299 2979 424 3041 Graecis
454 2991 483 3040 et
502 2980 622 3040 Latinis
650 2999 739 3057 quam
766 2999 805 3040 ex
827 2990 914 3039 vaste
940 2980 1094 3040 titulorum
1117 2978 1293 3040 Latinorum
1318 2980 1415 3039 multi·

90 3084 195 3157 tudine,
217 3086 291 3143 item
316 3102 355 3143 ex
378 3084 485 3142 aetatis
506 3083 661 3142 Romanae
684 3081 809 3143 Graccis
830 3083 1075 3161 inscriptionibus
1098 3091 1288 3160 congeratur,
1311 3100 1414 3142 omnes

91 3185 200 3246 scimus.
237 3186 349 3263 Itaque
370 3185 538 3246 mirandum
560 3205 621 3244 non
642 3192 688 3244 est
709 3185 791 3262 quod
812 3186 901 3261 pauci
922 3195 1037 3246 tantum
1051 3187 1082 3244 in
1098 3194 1275 3264 argumento
1288 3186 1346 3244 hoo
1360 3205 1414 3263 per

93 3305 119 3344 se
143 3288 254 3348 difficili
277 3301 309 3346 et
331 3289 471 3366 ambiguo
492 3289 647 3348 tractando
669 3306 789 3366 operam
813 3287 958 3348 collocare
980 3288 1151 3362 voluerunt,
1179 3306 1306 3366 quorum
1328 3295 1413 3364 quot·

94 3401 158 3464 quot
183 3391 256 3450 mihi
284 3391 481 3449 innotuerunt
505 3391 722 3467 disputationes
732 3388 776 3468 2),
804 3391 829 3449 si
854 3393 1010 3468 exceperis
1032 3391 1240 3451 Mommseni
1267 3391 1305 3449 de
1328 3409 1415 3466 prae·

94 3493 254 3551 nominibus
276 3492 611 3570 commentationem³)‚
634 3512 803 3570 quanquam
826 3511 882 3553 sua
902 3493 991 3552 laude
1012 3511 1073 3551 non
1094 3493 1293 3566 fraudandos,
1315 3503 1415 3554 tamen

93 3613 123 3651 co
145 3593 204 3654 sere
229 3613 337 3654 omnes
360 3596 433 3654 vitio
453 3596 607 3669 laborant,
636 3596 715 3673 quod
735 3596 767 3653 in
788 3595 891 3673 paucis
913 3602 1027 3655 tantum
1049 3596 1198 3674 exemplis
1219 3595 1414 3656 observandis

160 3873 182 3934 ¹)
208 3874 251 3925 De
272 3875 482 3941 eponymologici
501 3876 555 3926 cius
573 3889 652 3926 manu
670 3876 757 3940 scripti
770 3875 830 3926 fatis
843 3883 901 3940 post
914 3875 943 3926 C.
959 3875 992 3927 G.
1006 3875 1178 3926 Millsrum
1198 3875 1236 3938 (in
1247 3875 1339 3926 Wolfli
1352 3889 1414 3926 888-

95 3967 187 4016 1881182
206 3983 232 4032 p.
247 3965 355 4029 25688.)
380 3969 402 4018 L
421 3967 543 4018 Bakius
568 3970 621 4034 egit
645 3970 673 4020 in
692 3969 755 4018 actis
774 3969 923 4018 academiae
941 3968 1206 4020 Amsteiacdamensis
1225 3967 1367 4034 (8888188988
1385 3984 1416 4018 en

96 4057 352 4126 8818188118988)111
377 4061 446 4110 1862
472 4077 497 4126 p.
518 4061 571 4112 340
596 4068 621 4110 et
638 4061 692 4112 VH
717 4061 787 4111 1863
812 4077 837 4126 p.
856 4063 949 4111 14188.
989 4061 1030 4112 cf.
1054 4062 1132 4112 etium
1155 4076 1220 4111 mus.
1243 4060 1327 4112 Rhen.
1346 4061 1416 4112 XIX

100 4153 157 4202 1868
176 4154 312 4219 8829388.
346 4145 352 4152 ’

162 4243 186 4307 ¹)
214 4247 282 4299 Sunt
305 4251 391 4294 autem
410 4245 459 4295 bas
478 4246 532 4296 scre
551 4245 738 4310 disputationes
757 4247 908 4296 nostratium
927 4245 1062 4296 hominum
1081 4247 1118 4296 M.
1133 4247 1177 4298 W.
1194 4245 1337 4296 Heiiteri
1355 4243 1416 4296 siber

97 4335 132 4386 die
147 4336 283 4388 8118188188
296 4337 435 4387 Pcrsonen·
456 4337 508 4386 und
523 4335 839 4406 Gesclslecbtsciqennamen
857 4339 885 4388 in
899 4335 1024 4389 Zeitscltr.
1031 4337 1082 4404 sor
1096 4336 1323 4405 Gymnaeiolwesen
1334 4339 1417 4390 XVII

100 4430 159 4478 1862
177 4447 201 4495 p.
215 4432 312 4481 81188.
332 4429 385 4480 636
393 4445 440 4492 88;
460 4429 499 4481 'Gn
518 4431 711 4497 Lahmeyeri
734 4429 795 4481 81188
816 4429 857 4481 die
876 4429 1040 4497 Reddensolqc
1059 4429 1105 4481 der
1122 4427 1293 4496 Eiqcnnamen
1312 4427 1352 4482 tei
1369 4429 1417 4482 den

99 4517 193 4572 Rdnern
214 4525 241 4572 in
260 4523 401 4587 Philologo
419 4523 503 4573 XXII
524 4523 595 4574 1865
614 4539 638 4590 p.
653 4525 705 4575 468
714 4540 761 4586 sa,
788 4523 817 4574 0.
837 4524 1060 4589 Angermanni
1080 4521 1122 4574 die
1139 4520 1277 4572 rdmr'acden
1295 4521 1416 4574 11818888-

99 4629 173 4662 men
197 4615 246 4680 maj
264 4629 283 4664 a
305 4616 334 4664 in
353 4615 386 4666 G.
407 4614 489 4665 Curtii
509 4612 614 4666 sacten
631 4618 656 4668 V
677 4618 748 4666 1872
768 4632 794 4680 p.
810 4616 904 4666 37788.
925 4615 984 4681 (qui
1003 4616 1126 4666 Iacobum
1146 4614 1267 4666 Grimm
1291 4630 1378 4680 opusc.
1399 4616 1415 4665 3

100 4719 120 4767 p.
133 4705 221 4758 31988.
241 4705 385 4772 sequitur);
408 4707 638 4772 Francogallorum
657 4707 1004 4759 Grellet·Dumazcau
1028 4714 1084 4757 note
1108 4723 1152 4756 sur
1171 4706 1207 4756 188
1225 4722 1294 4757 nense
1307 4723 1417 4774 propres

100 4793 149 4845 ria·
166 4797 200 4848 188
217 4797 339 4850 Romaim
358 4799 644 4861 (clermont-Ferrend
666 4801 737 4851 1864
757 4800 793 4862 8.)
819 4808 847 4850 et
862 4801 892 4852 R.
913 4800 1036 4851 Mowst
1059 4799 1095 4850 les
1113 4815 1182 4850 nome
1194 4815 1306 4868 proprec
1324 4797 1417 4850 batim

101 4901 124 4936 en
146 4891 209 4940 atius
232 4893 260 4942 iu
283 4888 410 4942 mdmoires
433 4889 465 4941 ds
483 4891 511 4941 la
529 4889 620 4942 socie'td
638 4891 669 4942 de
688 4892 849 4959 linquidique
871 4891 901 4943 dc
920 4889 1000 4942 Paris
1020 4893 1090 4943 1868
1109 4909 1134 4958 p.
1149 4893 1224 4944 9888.
1249 4903 1275 4942 st
1294 4892 1330 4943 188
1347 4909 1416 4943 noma

94 4977 210 5040 saradim
227 4981 286 5034 eber
305 4984 342 5034 188
358 4982 481 5034 Romaene
498 4983 596 5034 ibidem
616 4985 685 5034 1871
706 5001 732 5050 p.
747 4986 841 5036 29388.
858 5019 862 5024 -

166 5071 189 5136 ³)
216 5072 422 5127 1118νό8188188
441 5073 611 5143 111988888888
629 5078 656 5127 in
673 5074 903 5145 reputlteariscter
920 5075 973 5126 und
991 5074 1176 5143 auqorteucter
1197 5073 1255 5127 Zeit
1272 5077 1299 5126 in
1319 5084 1415 5142 quaest.

103 5161 226 5216 Romul
245 5171 342 5232 p.1ss.
381 5169 459 5220 Adde
479 5169 594 5220 eiusdem
613 5170 813 5235 disputationem
833 5172 865 5222 ds
883 5168 1002 5237 gentibus
1019 5170 1134 5236 patriciis
1153 5183 1218 5236 quas
1236 5170 1350 5236 sequitur
1368 5169 1417 5220 ibi·

105 5253 153 5304 dem
170 5273 193 5324 p.
207 5261 282 5310 7188.
