3580 5938
979 547 1130 608 HUBNER

632 728 793 787 diversum.
830 725 976 788 Similiter
998 729 1087 788 etiam
1109 734 1132 788 it
1153 730 1296 788 suffixum
1319 748 1377 788 non
1400 731 1489 806 plane
1509 730 1597 789 deest
1616 731 1717 788 16116-

631 831 716 903 licis,
746 839 779 890 ut
806 832 916 890 docent
943 833 1120 891 Amiternum
1151 833 1279 891 Uritinua
1304 831 1415 892 Lanita
1443 832 1557 912 (pagus
1579 831 1718 892 Nolanus

631 933 657 992 Ι.
679 931 718 991 Ν.
743 933 820 992 1983
846 959 882 984 =
905 933 1031 993 Henzen
1052 933 1164 1010 5165),
1200 941 1229 993 61
1255 955 1293 993 ex
1316 933 1433 994 Graeco
1459 954 1516 994 usn
1546 935 1717 995 derivandis

632 1035 685 1110 (ut
710 1034 925 1114 Anconitanas)
956 1037 986 1096 in
1019 1037 1107 1095 Italia
1138 1044 1167 1094 ot
1195 1037 1224 1094 in
1257 1037 1382 1114 reliquis
1413 1038 1593 1115 provinciis,
1628 1038 1718 1096 veluti

631 1137 662 1196 in
690 1137 844 1196 Dalmatia
875 1140 1038 1198 Neditanus
1067 1138 1292 1198 Praevalitanus
1321 1129 1500 1198 Risinitanua
1528 1140 1718 1200 salonitanus

633 1237 879 1312 Scardonitanum
896 1241 1129 1320 comparandum
1144 1251 1301 1318 praeterea
1314 1242 1505 1301 'Teanitanua
1520 1261 1631 1301 nomen
1644 1243 1719 1302 inira

631 1343 854 1402 recensendum.
894 1341 994 1402 Radix
1017 1344 1145 1402 nominis
1168 1344 1247 1420 quod
1270 1353 1318 1402 ost
1337 1344 1512 1420 Calpetanus
1532 1353 1617 1404 extat
1637 1351 1718 1422 prae·

632 1452 729 1517 terea,
757 1445 809 1504 666
835 1465 904 1504 raro
931 1453 1061 1517 tantum,
1088 1446 1203 1504 66111661
1228 1447 1259 1504 16
1290 1447 1391 1524 Calpio
1419 1447 1542 1524 (Calpia
1572 1447 1719 1519 Quartilla

630 1545 745 1606 Romae
767 1568 793 1607 a.
810 1547 849 1608 68
872 1549 896 1606 1.
914 1547 953 1607 N.
969 1547 1064 1624 6855)
1088 1558 1118 1606 61
1143 1546 1318 1625 Calpurni03
1346 1549 1448 1625 itaque
1471 1549 1560 1607 etiam
1578 1547 1717 1625 Calpeta-

631 1667 688 1708 666
711 1650 833 1727 originis
856 1668 923 1709 esse
945 1649 1071 1709 Italicae
1093 1650 1205 1710 rectius
1227 1651 1382 1728 putabitur
1396 1672 1416 1709 a
1432 1651 1532 1729 Calpat
1554 1653 1603 1728 (ut
1616 1651 1718 1728 Nepet)

631 1751 679 1810 vel
699 1751 821 1828 Calpata
842 1751 890 1828 (61
915 1753 1027 1828 Caieta)
1050 1753 1184 1812 sortasse
1204 1752 1406 1812 derivandum.

284 1851 286 1858 '
387 1851 559 1914 Coronos
633 1853 772 1913 Cardena
794 1854 831 1912 P.
852 1857 880 1929 s.
904 1855 1031 1914 Procula
1055 1855 1085 1912 in
1113 1854 1225 1913 Piceno
1248 1854 1343 1914 Orell.
1365 1855 1403 1914 85
1426 1882 1463 1906 =
1485 1855 1614 1916 Henzen
1631 1856 1717 1928 7127,

716 1975 794 2015 uxor
816 1958 942 2017 octoviri
964 1957 1060 2016 Firmi
1082 1967 1112 2015 61
1134 1957 1303 2016 Falerione.

387 2055 558 2118 Onnsnnvs
632 2057 677 2116 M.
694 2059 847 2134 «Carsanua
869 2059 911 2117 M.
927 2063 956 2136 s.
980 2058 1167 2135 Stal(latt'na)
1190 2059 1310 2119 decurio
1436 2040 1440 2052 ²

636 2159 784 2236 Consanus
812 2161 878 2238 (aut
899 2161 981 2238 ·ius)
1005 2159 1131 2225 Achillan
1155 2158 1271 2220 Sontini
1294 2161 1418 2222 chzen
1440 2162 1544 2222 sotto
1568 2163 1618 2240 (2,
1636 2164 1666 2240 s)
1691 2165 1718 2221 in

715 2264 859 2322 laterculo
881 2263 1029 2321 cultorum
1053 2263 1100 2320 dei
1121 2263 1258 2322 Mithrae.

636 2365 761 2441 Carsani
781 2367 896 2425 Restuta
918 2365 954 2440 [i.
971 2385 996 2423 6.
1019 2365 1168 2441 Restituit]
1199 2366 1298 2442 vigilis
1326 2385 1432 2426 nomen
1460 2368 1491 2424 in
1517 2367 1583 2427 basi
1607 2369 1718 2426 urbana

715 2488 742 2526 6.
760 2467 819 2528 205
842 2467 988 2526 Marinius
1012 2467 1094 2543 (isar.
1112 2469 1179 2526 Alb.
1203 2467 1457 2545 61016144)
1479 2479 1509 2526 61
1529 2469 1717 2530 Kellermun·

715 2589 771 2630 nus
793 2569 878 2647 (Vig.
901 2569 933 2642 2,
951 2570 984 2642 4,
1001 2569 1055 2646 54)
1077 2570 1228 2647 legerunt,
1253 2571 1383 2649 Carpant
1404 2571 1580 2632 Fabrettius
1604 2593 1635 2650 p.
1653 2573 1717 2644 613,

719 2672 852 2747 Carsomi
881 2672 1043 2732 Hannonus
1071 2680 1101 2730 et
1128 2672 1317 2734 Burmannus
1346 2672 1380 2733 C.
1402 2675 1427 2732 1.
1447 2673 1484 2733 L.
1505 2675 1551 2734 VI
1574 2676 1672 2747 1056,
1686 2693 1717 2733 ss.

714 2775 793 2835 Puto
815 2775 908 2836 luisse
931 2772 1095 2834 (larianum
1117 2776 1166 2834 vel
1188 2774 1370 2835 Carfanium.
1646 2793 1653 2802 ·
1784 2815 1785 2820 κ

636 2877 757 2955 Cursum
785 2879 849 2937 sive
876 2877 994 2958 Cursum
1021 2878 1126 2956 oppidi
1153 2897 1261 2938 nornen
1288 2879 1378 2938 fuisse
1404 2879 1624 2940 Mommsenins
1650 2880 1717 2938 olim

634 2980 804 3057 suspicatus
826 2980 930 3040 66166
952 2979 1023 3039 6161.
1046 2981 1083 3039 It.
1106 2979 1159 3039 ini.
1181 3001 1210 3058 p.
1228 2980 1297 3039 243.

388 3083 549 3144 cirrsnvs
634 3082 672 3142 L.
696 3083 838 3142 Uarianae
855 3083 893 3142 O.
917 3083 993 3160 (1.6.
1015 3083 1157 3160 mulieris)
1181 3082 1325 3160 Kiderlin)
1349 3081 1473 3144 Severus

634 3184 671 3244 L.
698 3186 841 3245 Curianus
859 3185 895 3244 Ο.
923 3187 943 3244 l.
965 3185 1098 3244 Zosimtn
1122 3184 1238 3243 Romae
1259 3185 1291 3243 in
1312 3185 1413 3262 lapide
1438 3186 1532 3246 musei
1554 3185 1718 3263 Capitolini
1783 3177 1784 3216 ³

719 3287 840 3348 Guasoo
863 3309 892 3346 n.
909 3287 979 3360 633,
1002 3306 1090 3364 quem
1113 3288 1202 3346 etiam
1224 3287 1386 3346 Hennenus
1409 3288 1576 3366 descripsit.

634 3389 672 3450 L.
695 3389 838 3450 Curianus
859 3389 976 3450 Cosmus
999 3388 1113 3450 Romae
1134 3389 1294 3450 Reinesius
1310 3389 1381 3461 736,
1397 3389 1436 3448 52
1459 3411 1498 3450 ex
1519 3391 1652 3452 Piocarti
1675 3410 1719 3450 co·
1782 3443 1783 3450 ,

719 3492 794 3551 6166.
1782 3499 1783 3554 1

389 3593 587 3656 Gasrmsuvs
635 3595 678 3653 M.
706 3593 882 3673 Carpitanae
905 3595 992 3672 anf.
1016 3595 1176 3655 Marcellus
1197 3594 1343 3654 Luceriae
1364 3594 1390 3653 Ι.
1406 3593 1445 3654 N.
1463 3596 1534 3655 974.

635 3694 846 3776 comparanda
876 3695 1040 3774 Caap-err'a
1067 3696 1247 3760 Sabinorum
1274 3699 1431 3776 oppidum,
1460 3699 1545 3758 cuius
1569 3695 1720 3776 Vergilius

634 3800 768 3860 meminit
788 3803 865 3860 Aen.
880 3800 897 3858 I
912 3801 987 3872 7143
1008 3808 1165 3878 praeterea
1185 3800 1297 3860 similia
1317 3819 1377 3859 non
1399 3801 1526 3877 reperio.
1781 3877 1782 3882 1

389 3901 573 3962 Cnrrcnnvs
638 3903 672 3974 Q.
694 3902 827 3964 Catioom'
847 3903 931 3961 Bitli
950 3899 992 3961 ‘in
1013 3905 1101 3982 cippo
1124 3922 1161 3962 ex
1183 3901 1344 3962 Tiburtino
1366 3901 1465 3980 lapide
1487 3902 1567 3980 apud
1590 3901 1721 3962 Nomen·
1781 3901 1782 3990 1

718 4000 793 4064 tum’
816 4005 841 4064 F
844 4005 951 4065 abretti
968 4004 1039 4077 613,
1057 4007 1125 4064 111.

636 4107 721 4168 Nihil
742 4108 867 4184 impedit
887 4107 1047 4184 quominus
1067 4107 1222 4168 Uaticanus
1245 4108 1461 4168 nominativum
1482 4125 1550 4167 6666
1565 4125 1721 4185 ponamus,

635 4231 696 4270 non
720 4211 895 4283 Coticaniaa,
918 4221 950 4268 nt
970 4210 1141 4270 Fabrettius
1163 4210 1240 4270 16611.

390 4311 614 4373 Cusuuurnnvs
637 4312 674 4372 P.
700 4311 879 4373 Corellianus
901 4311 937 4370 P.
965 4314 985 4370 l.
1008 4311 1179 4390 Aapnoritus
1204 4312 1382 4388 Augustalis
1403 4311 1497 4373 Uriae
1523 4313 1553 4370 in
1581 4311 1721 4372 Calabria

719 4416 742 4474 I.
758 4415 798 4476 N.
815 4415 886 4488 571,
908 4413 959 4473 ubi
981 4416 1071 4474 etiam
1093 4423 1178 4491 pater
1200 4416 1265 4473 6166
1288 4413 1474 4491 cognominis
1496 4423 1690 4474 memoratur.

635 4517 767 4576 Plotina
793 4517 967 4576 Corellianaa
988 4518 1106 4578 Procles
1129 4536 1225 4576 aarum
1247 4516 1403 4576 Brundisii
1425 4515 1593 4577 111514.

635 4620 719 4678 Inter
732 4619 919 4679 Bruttiorum
941 4619 1053 4697 oppida
1068 4617 1177 4680 Strabo
1194 4619 1222 4691 6,
1241 4622 1269 4692 1,
1284 4621 1303 4678 t
1326 4619 1462 4678 nominat
1475 4611 1633 4702 Κηρῖλλους
1655 4627 1722 4686 πλη-

636 4715 696 4781 aa'av
710 4711 803 4795 1161661
827 4722 906 4800 apud
923 4719 1030 4782 Silium
1045 4723 1074 4796 8,
1090 4721 1150 4782 580
1180 4723 1311 4793 Cerillae,
1334 4722 1364 4779 in
1384 4721 1489 4782 tabula
1501 4721 1722 4798 Peutingerano

639 4823 732 4884 Caroli
759 4826 911 4898 dicuntur,
938 4825 1028 4884 hodia
1053 4822 1163 4884 Cirella
1189 4825 1310 4883 venelia.
1355 4821 1442 4883 Unda
1468 4825 1527 4881 iam
1555 4842 1574 4881 6
1598 4823 1721 4882 Momm·

637 4946 710 4987 seno
737 4927 774 4986 de
800 4927 871 4986 dial.
896 4928 934 4986 It.
957 4927 1009 4986 ini.
1037 4946 1066 5002 p.
1083 4924 1122 4984 72
1150 4925 1387 4986 Corellianorum
1415 4943 1522 4984 nomen
1549 4925 1587 4982 ad
1609 4925 1722 4983 Messa·
1778 4915 1779 4936 .

635 5031 733 5108 picam
762 5031 908 5110 originem
934 5029 1076 5100 refertum
1106 5048 1125 5087 6
1150 5027 1366 5088 Caerelliorum
1396 5033 1467 5086 uota
1493 5033 1582 5105 geute
1608 5027 1722 5085 videtur

636 5133 789 5192 diversum
813 5149 890 5192 esse.

680 5231 727 5294 Cf.
750 5235 830 5294 infra
852 5233 1035 5294 (tacitanus.
