3530 5932
386 545 457 618 138
815 563 1123 616 Anurrnuuurvu
1141 561 1226 616 von.
1246 563 1276 612 11
1330 588 1333 594 ,

383 745 483 816 operis
511 740 567 798 hoc
593 749 671 797 certe
697 739 886 816 permisisse,
912 749 946 797 ut
971 737 1179 796 aestimatione
1207 735 1307 795 oblatu
1332 736 1503 795 uuiversum
1530 752 1629 812 agrum
1653 733 1695 792 do·

383 844 464 901 mino
479 842 569 901 etiam
584 841 697 900 nolenti
713 841 877 913 auferrent3
893 840 955 900 fere
973 849 1005 899 ut
1018 842 1156 920 Augusto
1172 839 1337 914 imperante
1350 845 1473 898 senatus
1488 838 1604 897 censuit
1617 836 1694 912 quod·
1758 873 1759 902 ,

382 961 508 1020 cumque
524 944 561 1003 ad
575 962 671 1020 uquee
685 942 1013 1003 ductum-reficiendum
1029 959 1105 1021 opus
1120 943 1160 1001 sit
1173 962 1213 1000 ex
1227 941 1309 1020 egris
1324 942 1509 1018 privatorum
1525 940 1695 1000 aestimatum

384 1047 462 1105 sumi
487 1046 579 1105 licere
606 1045 761 1121 (Frontin.
786 1046 806 1103 l.
827 1065 852 1104 c.
880 1064 904 1104 o.
924 1043 1011 1120 125).
1055 1044 1208 1104 Aedificiis
1235 1051 1335 1102 tamen
1360 1043 1392 1101 iu
1418 1043 1508 1122 ductu
1529 1039 1695 1100 instituendo

383 1149 466 1226 parci
492 1149 543 1208 lex
568 1149 661 1221 iubet;
689 1149 827 1207 similiter
853 1157 976 1208 senatus
998 1148 1134 1206 consulto
1156 1167 1192 1205 eo
1214 1147 1295 1222 quod
1315 1145 1407 1204 refert
1425 1144 1590 1203 Frontinus
1610 1161 1634 1200 c.
1650 1141 1694 1200 lli

382 1261 509 1327 utraque
531 1271 570 1310 ex
591 1260 675 1328 parte
697 1270 793 1328 aquae
816 1251 920 1309 ductus
942 1249 1025 1326 quini
1048 1249 1138 1338 pedes
1160 1251 1204 1307 ita
1217 1249 1305 1307 vacui
1324 1247 1452 1325 relinqui
1467 1248 1613 1318 iubentur,
1634 1246 1696 1302 utin

382 1355 420 1412 iis
443 1355 518 1413 locis
541 1353 663 1413 arbores
685 1354 827 1413 tolluntur
848 1361 1048 1430 praetereas,
1069 1350 1542 1428 quaevillisconolusueesscnt,
1564 1368 1618 1408 nec
1631 1347 1696 1406 dein·

384 1474 454 1533 ceps
471 1457 550 1515 ullae
565 1463 769 1530 conserantur,
789 1455 927 1515 aedilicia
941 1454 1024 1514 nulla
1038 1453 1214 1526 novellant,
1230 1451 1283 1512 sed
1299 1460 1367 1510 ente
1381 1453 1462 1510 facta
1475 1464 1652 1510 remaneant
1666 1482 1696 1492 -

384 1557 484 1635 Caput
504 1559 541 1617 de
563 1576 643 1634 aqua
664 1559 778 1616 caduco
798 1559 888 1634 plane
910 1557 1048 1616 convenit
1069 1576 1137 1615 cum
1152 1553 1299 1614 Frontino
1314 1573 1340 1613 e.
1353 1554 1408 1613 94:
1431 1556 1514 1630 apud
1533 1565 1634 1614 ueteres

384 1666 472 1720 omniu
499 1680 577 1738 aquo
603 1664 633 1720 iu
659 1680 728 1721 usuc
747 1660 879 1737 publicos
902 1641 1073 1736 erepebatur
1094 1668 1121 1717 et
1143 1668 1254 1718 caunum
1275 1660 1319 1715 itu
1332 1659 1409 1734 suit:
1433 1653 1475 1714 ‘ue
1496 1660 1561 1733 quie
1579 1659 1697 1733 privatur
1758 1645 1759 1720 l

385 1765 474 1822 aliurn
500 1762 629 1840 [aquom]
656 1764 757 1835 ducat,
783 1783 870 1840 quum
895 1781 969 1839 quoe
994 1781 1026 1821 eu
1048 1762 1114 1821 locu
1134 1761 1247 1820 luuntur
1267 1753 1382 1818 oceidit'
1404 1791 1447 1810 -.
1466 1759 1537 1818 iaec
1556 1761 1627 1816 euim
1645 1768 1699 1816 suut

384 1865 472 1924 verbu
499 1865 568 1943 lepis
598 1899 643 1920 -,
665 1869 698 1924 id
723 1876 764 1926 eet
789 1884 861 1944 quau
888 1883 921 1924 eu
948 1865 1013 1924 locu
1039 1864 1211 1923 abundauit.-
1240 1881 1301 1922 eam
1325 1880 1377 1920 uos
1406 1862 1544 1920 caducam
1571 1877 1697 1919 mecenas.

383 1968 466 2028 Idem
489 1986 558 2026 cum
579 1967 670 2027 addat
690 1987 799 2045 equum
821 1967 963 2027 caducam
986 1967 1051 2026 dari
1073 1967 1194 2026 solitum
1216 1983 1284 2024 esse
1307 1963 1409 2023 autin
1430 1981 1518 2022 usum
1541 1962 1697 2022 balnearum

385 2071 631 2130 lullonicurumvc
650 2071 792 2148 imposito
807 2069 948 2146 vectigali
962 2076 1014 2128 eut
1028 2068 1058 2127 in
1082 2069 1187 2128 domos
1209 2066 1377 2144 principum
1399 2065 1530 2126 civitatis
1551 2065 1699 2125 conceden-

384 2174 465 2232 tibus
486 2173 625 2250 reliquis,
647 2173 736 2232 etiam
758 2173 790 2230 in
812 2173 885 2231 urbe
908 2172 945 2230 de
966 2190 1004 2230 ca
1026 2189 1106 2248 aqua
1127 2177 1249 2230 senatus
1271 2188 1326 2246 pro
1347 2189 1380 2228 re
1400 2169 1567 2229 decreuisse
1586 2167 1698 2235 ridetur,

385 2285 418 2334 ut
444 2275 532 2335 modo
558 2284 681 2354 propter
707 2275 856 2352 publicam
879 2273 1036 2333 utilitatem
1063 2274 1175 2351 petenti
1202 2272 1338 2343 duretur,
1364 2271 1453 2331 modo
1480 2271 1601 2331 honoris
1622 2286 1700 2329 causa

384 2378 536 2456 primariis
557 2378 631 2438 viris
653 2377 872 2436 concederetur.

246 2500 372 2566 corapo-
469 2480 497 2538 8.
536 2479 583 2538 Ad
604 2479 762 2556 pecuniam
785 2479 933 2558 publicam
954 2479 1128 2556 reditusque
1149 2479 1286 2557 publicos
1309 2475 1563 2537 administrandus
1582 2477 1614 2535 in
1631 2475 1699 2534 hisee

264 2575 354 2662 ⁰⁰¹²}20
386 2582 497 2642 tabulis
519 2600 596 2658 quae
619 2588 755 2660 spectant
775 2601 836 2647 non
858 2582 961 2653 mults,
984 2600 1021 2640 ea
1042 2581 1188 2640 hocloco
1209 2581 1443 2658 composuimus.

245 2649 373 2773 ffi'ihffi
470 2683 577 2761 Cupite
594 2683 697 2744 XCVI
725 2684 830 2746 duovir
859 2685 979 2743 iubetur
1005 2684 1044 2742 ad
1070 2683 1246 2743 decuriones
1274 2683 1370 2760 primo
1392 2700 1513 2759 quoque
1536 2681 1583 2740 die
1603 2679 1701 2739 referre

256 2812 305 2862 que
318 2813 366 2862 pu·
387 2787 424 2846 de
449 2787 575 2860 iudicio,
602 2789 683 2864 quod
709 2787 799 2846 alicui
821 2806 859 2846 ex
881 2786 1092 2846 decurionibus
1114 2786 1151 2844 de
1172 2785 1299 2863 pecunia
1319 2786 1439 2862 publica
1459 2783 1589 2842 multuve
1609 2783 1639 2842 iu
1658 2801 1700 2858 pu·

248 2872 373 2922 b¹¹⁰⁰m¹¹²
387 2889 495 2948 blitum
518 2889 681 2968 redigenda
701 2891 807 2949 locove
829 2889 951 2967 publico
973 2887 1188 2948 instituendum
1211 2905 1278 2980 esse
1298 2888 1442 2946 videatur.

470 2989 576 3068 Capite
591 2979 762 3051 CXXXIV
777 3011 879 3052 eorum
902 3009 978 3068 quae
1000 2991 1144 3050 habemus
1166 2999 1301 3048 extremo
1320 3008 1416 3065 eoque
1429 2988 1603 3066 imperfecto
1617 2987 1702 3056 doec,

387 3095 438 3172 qui
464 3095 578 3154 civitati
605 3096 748 3154 honorem
775 3095 906 3172 aliquem
932 3093 1088 3153 habiturus
1114 3093 1154 3151 ait
1176 3108 1323 3152 munusve
1349 3091 1399 3150 det
1425 3091 1635 3168 polliceaturre
1656 3099 1705 3147 stu·

386 3206 506 3256 tuamve
528 3197 660 3274 aliquam
683 3197 754 3256 dare
775 3217 924 3276 ponereve
946 3197 1128 3273 promiserit,
1151 3202 1283 3266 cavetur,
1304 3213 1342 3253 ne
1364 3195 1402 3252 ob
1425 3211 1491 3254 eam
1512 3214 1576 3253 rem
1592 3191 1705 3272 pecunia

386 3299 508 3376 publica
528 3299 646 3359 aliudve
668 3299 773 3377 quid1)
795 3301 822 3358 ei
842 3299 929 3359 detur
943 3299 1077 3358 donetur.
1110 3297 1215 3374 ltaque
1230 3297 1282 3374 qui
1296 3296 1484 3374 largitionem
1499 3297 1630 3372 aliquam
1644 3295 1705 3353 ciri-

387 3403 444 3462 bus
466 3403 599 3463 facturus
621 3411 677 3476 est,
699 3403 869 3462 universam
891 3395 946 3461 suo
969 3411 1089 3478 sumptu
1104 3399 1239 3477 perficiat
1251 3416 1375 3459 necesse
1389 3406 1436 3458 est
1448 3418 1546 3476 nsque
1560 3399 1705 3476 quicquum

386 3506 419 3565 in
440 3525 507 3564 eum
527 3525 590 3565 rem
613 3506 760 3566 aerarium
781 3505 958 3565 contribuet.
1002 3501 1179 3581 Comparari
1199 3510 1301 3581 potest
1321 3499 1402 3578 quod
1423 3499 1540 3560 Paulus
1562 3501 1660 3562 scribit
1668 3497 1705 3573 ²3:

387 3607 547 3668 ciuitatibus
574 3608 666 3686 lepori
689 3616 783 3685 potest
807 3611 891 3666 etiam
916 3607 994 3684 quod
1017 3607 1057 3664 ad
1083 3605 1215 3665 honorem
1236 3615 1420 3680 ornatumque
1441 3607 1565 3664 ciuitatis
1581 3605 1707 3680 perticus

387 3712 429 3770 ud
449 3720 579 3770 ornatum
596 3721 670 3787 putu
691 3711 769 3787 quod
787 3711 830 3768 ad
848 3709 1044 3768 instruendum
1057 3709 1158 3783 forum
1180 3708 1318 3767 theotmar
1339 3707 1462 3766 studium
1478 3705 1601 3783 &potura
1611 3707 1707 3782 sumit:

387 3815 428 3872 ud
453 3814 584 3872 honorem
602 3823 676 3890 putu
696 3812 773 3890 quod
793 3813 834 3870 ud
853 3831 953 3871 munus
976 3811 1114 3870 edendum
1133 3813 1339 3869 uenatioucmue
1360 3809 1443 3867 ludos
1465 3813 1610 3870 acumicot
1635 3807 1706 3864 ludos

387 3921 525 3976 circenses
550 3915 678 3975 relictum
691 3917 784 3990 fuerit
805 3923 858 3973 aut
876 3916 955 3992 quod
974 3915 1015 3972 cd
1036 3915 1200 3973 diuisionem
1219 3911 1399 3989 stapulorum
1419 3914 1522 3970 ciuium
1542 3912 1589 3970 cel
1607 3911 1707 3988 mulum

387 4021 516 4078 relictum
529 4019 632 4093 suerit.
668 4018 720 4076 ltoe
742 4017 867 4094 amplius
888 4019 968 4093 quod
986 4021 1017 4074 iu
1039 4017 1173 4075 alimenta
1194 4015 1323 4091 infirmae
1341 4016 1453 4084 aetatis,
1472 4024 1548 4090 puto
1562 4011 1707 4072 senioribus

388 4122 433 4182 uel
449 4124 550 4198 puerit
567 4120 741 4198 puellisque,
762 4119 891 4182 relictum
906 4121 1010 4195 suerit,
1031 4121 1072 4178 ad
1085 4120 1216 4178 honorem
1231 4119 1353 4176 ciuitatis
1363 4119 1511 4193 pertinere
1525 4115 1706 4194 respondetur.

388 4221 495 4301 Neque
521 4223 589 4300 ipsa
613 4241 662 4282 res
691 4222 782 4282 dubia
807 4232 864 4282 cst.
907 4222 1070 4281 Ambitiosa
1097 4223 1210 4280 decreto
1237 4221 1433 4290 decurionum,
1454 4211 1638 4295 Ulpianus³)
1662 4216 1706 4284 ait,

377 4327 515 4396 ¹rescindi
536 4325 648 4384 debent:
668 4327 789 4402 proinde
810 4335 842 4384 ut
862 4325 962 4396 solent,
983 4327 1042 4382 siue
1061 4323 1185 4401 aliquem
1206 4321 1356 4380 debitorem
1376 4322 1537 4380 dimiserint
1548 4323 1604 4379 siue
1619 4317 1708 4392 lurpiti

388 4439 457 4489 suut
480 4433 540 4489 siue
566 4429 738 4488 decreverint
763 4429 797 4486 de
814 4427 929 4504 publico
950 4427 1040 4485 alicui
1059 4425 1105 4484 uel
1122 4425 1249 4500 praedio
1270 4425 1315 4482 uel
1335 4424 1418 4482 cedes
1437 4423 1484 4482 uel
1503 4433 1605 4483 certum
1625 4435 1707 4497 quou-

389 4537 509 4602 titutem‚
535 4531 610 4589 uitii
634 4530 740 4590 valebit
765 4530 902 4588 eiusmodi
928 4532 1075 4588 decretum.
1121 4525 1181 4587 Sed
1208 4525 1398 4585 ambitiosum
1426 4525 1575 4585 decretum
1595 4541 1633 4582 ne
1652 4530 1706 4580 tunt

389 4635 508 4712 quidem
529 4640 627 4691 ratum
651 4651 728 4705 csse,
750 4651 817 4690 cum
838 4632 1028 4712 largitionem
1050 4628 1272 4707 quodammodo
1293 4635 1509 4700 remuneretur,
1531 4636 1634 4686 utnon
1653 4641 1707 4682 am-

389 4738 473 4815 bigui
492 4738 567 4796 iuris
590 4743 646 4809 est,
667 4736 719 4808 ita,
742 4735 825 4811 quod
846 4735 949 4807 sciam,
970 4732 1041 4794 olibi
1063 4751 1123 4792 nou
1145 4739 1190 4790 est
1211 4736 1361 4791 testatum.

388 4941 593 4952 -ι--ι-

466 5084 490 5147 ¹)
519 5085 581 5147 Aut,
602 5085 625 5135 si
643 5083 725 5149 magis
743 5083 835 5149 placet,
856 5078 914 5146 u[ut
929 5097 977 5150 pro
997 5081 1039 5146 ea]
1059 5077 1132 5148 quid,
1152 5079 1242 5132 tabule
1260 5079 1330 5129 enim
1349 5077 1476 5128 hocloco
1494 5071 1557 5128 hiae

466 5173 759 5242 uQmmp

466 5267 491 5332 ⁸)
517 5268 580 5335 Dig.
594 5268 639 5332 50,
653 5271 681 5332 9,
695 5271 722 5320 4.
