3580 5938
510 588 667 650 Qvunsn.
688 589 905 640 ouounaon.
925 591 951 639 1.
983 635 986 642 ,
1293 657 1294 660 ¹
1347 569 1394 638 83

150 761 195 819 Ex
217 762 389 820 nominibus
411 761 571 837 gentilioiis
594 763 626 820 in
647 781 730 834 anua,
752 781 828 838 quae
850 764 880 820 in
896 771 1059 838 conspectu
1074 763 1172 821 iocum
1188 764 1322 821 obtinent
1339 765 1398 840 pri·

78 883 161 935 mum,
188 883 224 922 aa
250 882 388 923 seorsum
416 864 631 924 consideranda
656 873 740 936 sunt,
769 883 846 940 quaa
872 864 1011 924 similitor
1037 873 1126 942 atquo
1147 865 1339 942 cognomina,
1366 874 1400 921 ut

77 985 161 1042 supra
185 967 303 1038 monui,
332 967 365 1024 in
387 969 483 1026 ionias
510 968 708 1025 terminantur
728 985 788 1025 non
810 967 841 1025 in
863 985 951 1038 anas,
978 986 1100 1024 numero
1123 967 1255 1045 triginta.
1298 967 1398 1024 Minus

76 1077 147 1126 cera
168 1065 392 1143 (fflaoerianas
414 1065 609 1148 *Osonianao
632 1070 751 1142 omitt03
777 1070 909 1146 quinquo
934 1089 1037 1128 eorum
1064 1070 1101 1127 ad
1127 1079 1199 1126 nota
1219 1069 1398 1145 oppidorum

76 1173 185 1228 nomina
205 1171 313 1230 referri
336 1181 478 1246 possunt:

530 1335 681 1394 Bovianaa
731 1337 770 1394 ad
791 1335 957 1394 Bovianum

533 1437 708 1496 Corellianaa
734 1437 772 1495 nd
794 1436 930 1498 Cerolios

534 1539 671 1598 Titianus
735 1540 772 1598 od
795 1539 910 1600 Tisiam

537 1641 682 1700 Varianus
736 1642 774 1699 ad
796 1642 921 1701 Variam

476 1763 487 1800 s
537 1743 707 1802 Vitellianas
737 1745 776 1802 ad
797 1744 964 1803 Bovianum

71 1909 168 1983 quibus
190 1909 331 1968 fortasse
353 1908 466 1968 aooedit

334 2073 503 2132 Baebianas
525 2071 564 2130 ad
584 2070 713 2149 Ligures
736 2071 906 2131 Baebianos
928 2073 1126 2132 referendam.

71 2234 128 2294 Hoc
152 2244 181 2294 et
200 2235 363 2294 Bovianas
385 2235 487 2294 endem
511 2237 626 2298 rationo
648 2245 738 2312 atque
760 2235 895 2294 locorum
917 2236 1038 2294 nomina
1059 2237 1194 2295 derivata
1216 2244 1285 2296 sunt
1307 2235 1399 2311 (unde

70 2357 120 2395 uon
145 2340 254 2398 mirum
285 2339 379 2396 etiam
402 2338 563 2397 Bouianias
591 2357 700 2398 nomen
728 2339 861 2413 extare);
886 2337 1013 2396 Baebius
1034 2338 1145 2398 Bovius
1166 2341 1238 2397 item
1263 2339 1399 2398 Corellius

70 2441 96 2512 (a
117 2439 258 2500 Caerellia
286 2441 421 2499 fortasse
447 2459 507 2498 non
534 2440 699 2515 diversum)
727 2440 879 2518 gentilicia
904 2449 976 2499 nota
1003 2449 1088 2512 suut;
1115 2441 1231 2517 reliqua
1256 2443 1315 2500 trin
1336 2451 1398 2499 tam

69 2561 84 2597 a
100 2543 259 2620 gentiiioiis
275 2543 377 2600 Tisias
401 2542 505 2602 Varias
526 2543 659 2602 Vitellius
673 2561 762 2618 quam
778 2563 796 2600 a
809 2543 943 2601 locorum
958 2542 1131 2601 nominibus
1145 2551 1307 2620 potuerunt
1322 2544 1399 2600 deri·

68 2647 131 2702 vari.
174 2644 257 2705 Octo
282 2654 349 2703 tam
371 2645 493 2703 nomina
514 2663 603 2722 quam
626 2645 803 2723 cognomina
825 2645 957 2704 fuerunt:

429 2817 573 2878 Curianus
783 2839 795 2876 a
839 2819 985 2878 Tottianas

426 2921 591 2981 Flavianas
839 2921 984 2980 Traianus

424 3023 574 3084 Parianus
847 3024 984 3098 Vibianaa

425 3127 550 3187 Seianas
844 3125 989 3186 Varianus

69 3301 103 3358 iu
126 3311 156 3360 ut
178 3303 281 3362 videri
310 3302 432 3378 possint
457 3323 495 3362 ox
521 3313 607 3380 parto
629 3319 775 3362 conversa
795 3319 863 3360 esso
885 3322 923 3361 ex
945 3304 1156 3380 cognominum
1177 3322 1233 3362 usu
1255 3323 1347 3381 pravo
1368 3305 1399 3363 iu

68 3405 223 3478 gentilicia3
247 3405 320 3464 eius
344 3407 462 3480 generis
485 3415 558 3482 puto
573 3405 699 3464 Traiani
721 3403 850 3463 nominis
870 3405 1015 3481 gentilioii
1030 3407 1199 3484 exemplum
1214 3423 1291 3465 esse.
1324 3407 1367 3466 Ut
1381 3427 1400 3465 a

69 3509 293 3583 cognominibus
317 3507 352 3566 in
368 3526 450 3580 anas,
472 3507 515 3567 ita
536 3528 554 3566 a
575 3526 630 3568 sex
652 3525 753 3567 eorum
775 3507 928 3585 gentilicia
948 3507 1077 3567 formata
1093 3510 1256 3585 reperimus
1272 3510 1302 3566 in
1317 3512 1377 3568 ias:

430 3683 579 3742 Bovianas
835 3681 997 3742 Bouianiaa

434 3785 576 3846 Uarianae
840 3783 996 3845 Carianiaa

432 3887 562 3946 Faianas
816 3884 821 3896 ’
837 3887 981 3946 Faianiaa

431 3989 596 4049 Soanianas
837 3989 1012 4049 Soanianias

376 4109 388 4148 s
431 4090 555 4150 Seianas
839 4090 972 4151 Seianiaa

438 4193 562 4253 Veianas
845 4191 979 4252 Veianius

67 4366 183 4427 Restant
204 4368 469 4446 quattuordecim,
491 4387 567 4445 quae
589 4374 717 4446 possunt
738 4377 799 4426 tam
821 4386 840 4424 a
861 4367 1019 4444 gentilioiis
1034 4366 1169 4426 derivata
1189 4385 1256 4426 osse
1279 4368 1326 4446 (ut
1340 4377 1398 4427 tra-

68 4468 153 4529 ditum
173 4481 222 4530 est
243 4473 279 4530 iu
305 4471 454 4530 Troianas
476 4469 612 4546 Seianas)
636 4489 727 4547 quam
749 4489 768 4528 a
788 4470 922 4528 iocorum
944 4471 1115 4530 nominibus
1137 4471 1225 4530 haec:

432 4647 585 4706 Annianus
835 4644 982 4704 Nonianus

434 4749 586 4808 Babianns
838 4747 970 4807 Baianas

435 4850 589 4926 Ciepianas
773 4868 799 4908 οι
841 4849 1038 4908 Romanianaa
1073 4847 1077 4852 ’

436 4952 590 5012 Oartianaa
841 4951 1002 5011 Saroianas

378 5073 391 5111 s
433 5053 582 5113 Lasianas
842 5052 992 5113 Statianaa

434 5156 621 5216 Manilianas
840 5155 995 5214 Tabaianas

435 5256 590 5318 Marianas
851 5257 1030 5318 Volinoianao
