3532 5938
375 559 448 628 246
894 574 1174 626 annruurrreura
1634 573 1673 623 aa

373 750 504 827 quodam
531 750 645 808 incerto
673 749 805 808 virorum
826 747 985 808 libertinae
1006 747 1181 826 plerumque
1209 746 1257 805 rel
1279 745 1353 804 adeo
1376 743 1496 805 servilis
1517 743 1678 804 condicionis

373 860 403 911 et
423 853 591 926 mulierum,
619 851 700 928 quod
729 852 858 911 fortasse
885 851 944 909 iam
972 850 1074 927 aliquo
1100 857 1235 927 tempore
1266 856 1356 908 antea
1384 857 1528 926 patronos
1553 846 1617 905 illos
1635 846 1679 904 sibi
1746 862 1752 935 ζ

373 967 575 1032 cooptaverat.

457 1055 570 1128 Locus,
592 1056 644 1115 ubi
665 1057 787 1116 inventa
807 1065 854 1116 est
875 1055 997 1126 tabella,
1020 1054 1163 1114 Sascmon
1176 1054 1354 1114 hodiernum
1370 1051 1526 1130 Segisamo
1541 1059 1681 1112 conuentus
1748 1052 1754 1131 ἦ

373 1157 545 1218 Cluniensis
560 1158 651 1217 Plinii
674 1158 706 1234 (3
723 1159 740 1236 ᾗ
756 1157 820 1234 26),
843 1167 875 1217 ut
889 1157 1001 1218 dudum
1015 1157 1180 1220 docuerunt
1195 1173 1351 1216 mensurae
1365 1155 1511 1216 itinerarii
1534 1156 1576 1231 (p.
1591 1155 1651 1248 lla,
1661 1155 1682 1212 5.

373 1260 480 1332 454,2
504 1261 541 1320 cf.
560 1261 629 1334 394,
652 1261 696 1337 5),
726 1259 831 1320 titulos
859 1268 948 1319 antea
977 1259 1077 1318 nullos
1104 1258 1245 1335 protulit;
1275 1259 1352 1318 illud
1380 1269 1496 1318 tantum
1523 1267 1683 1334 compertum

372 1363 531 1422 habuimus
560 1383 600 1422 ex
627 1363 713 1422 titulo
736 1362 871 1444 Ι12915
898 1373 1016 1439 reperto
1042 1361 1096 1420 illo
1117 1361 1186 1420 inde
1207 1361 1305 1438 leugis
1327 1361 1442 1438 aliquot
1476 1359 1572 1440 magis
1599 1376 1684 1418 versus

374 1467 604 1542 septentriones,
635 1467 686 1542 qui
716 1465 853 1524 stationis
876 1463 1174 1542 Segisamonensium
1201 1464 1379 1523 mentionem
1406 1464 1493 1534 lacit,
1527 1461 1618 1521 fuisse
1646 1469 1686 1519 aut

374 1565 571 1644 Segisamcne
601 1567 760 1627 stationem
786 1567 914 1626 fortasse
940 1567 1179 1644 publicanorum,
1211 1574 1264 1626 aut
1294 1585 1388 1645 prope
1422 1564 1641 1643 Segisamonen
1662 1563 1686 1619 in

372 1669 438 1728 loco
460 1688 506 1742 eo,
528 1687 588 1746 quo
610 1669 714 1728 titulus
736 1669 788 1729 ille
810 1669 932 1748 prodiit
975 1668 1064 1728 Nunc
1093 1669 1204 1730 tabella
1230 1669 1351 1745 inipso
1380 1667 1440 1726 situ
1467 1667 1571 1746 oppidi
1596 1665 1686 1726 veteris

372 1771 486 1829 effossa
506 1779 536 1829 et
557 1771 784 1831 collocationem
807 1773 963 1832 coufirmat
985 1780 1015 1832 et
1029 1790 1137 1832 nomen
1159 1771 1279 1844 uirium,
1301 1771 1383 1847 quod
1397 1770 1543 1848 scriptum
1566 1779 1610 1829 est
1627 1789 1650 1826 r.
1664 1768 1687 1836 5,

374 1869 667 1951 Segisamoneusium
689 1893 757 1934 esse
779 1875 898 1934 indicat.

457 1974 679 2052 Interpretatio,
701 1995 792 2054 quam
815 1979 971 2054 proposui,
994 1978 1098 2054 paucis
1122 1987 1189 2054 eget
1203 1976 1465 2054 explicationibus.
1511 1971 1689 2034 Obscrrauda

374 2085 445 2137 sunt
466 2079 643 2138 rusticitatis
665 2079 739 2139 vitia
760 2080 915 2153 nonnulla,
937 2080 982 2138 illi
1005 2079 1137 2156 tempori.
1152 2079 1257 2156 illique
1285 2078 1353 2138 loco
1377 2079 1601 2136 convenientia:

526 2196 606 2253 svcr,
633 2181 872 2260 sac[c(eperunt)]
901 2201 929 2240 v.
954 2183 981 2240 1.
1040 2181 1118 2240 Puto
1154 2182 1234 2240 enim
1267 2181 1402 2240 ultimam
1437 2179 1571 2238 litteram
1606 2197 1689 2238 errore
1750 2190 1755 2215 2

576 2285 704 2360 positam
734 2302 802 2344 ease
830 2302 885 2362 pro
907 2301 935 2344 c.
985 2284 1034 2342 Ita
1054 2295 1184 2360 succepto
1207 2285 1253 2344 bis
1279 2282 1390 2361 legitur
1410 2283 1441 2340 11
1466 2283 1537 2355 136,
1563 2291 1690 2357 succeptus

575 2385 626 2445 III
656 2386 746 2446 6423.
789 2386 859 2445 Nisi
887 2379 1016 2446 sortasse
1044 2393 1179 2464 praestat
1214 2399 1291 2444 sves
1317 2395 1495 2461 acceperant,
1524 2385 1569 2443 ita
1589 2393 1620 2442 nt
1637 2383 1691 2442 subs

578 2507 627 2548 scca
649 2508 709 2548 non
732 2479 943 2562 assimilatum,
966 2489 1020 2548 sed
1042 2489 1143 2548 littera
1164 2487 1247 2548 finali
1269 2488 1418 2566 privatum
1441 2487 1489 2547 sit.

525 2591 652 2650 Emilius
675 2611 702 2650 v.
721 2591 759 2650 25

519 2693 658 2771 Bab(s'as)
681 2715 709 2754 v.
726 2694 766 2754 20

519 2801 763 2872 prestantissima
785 2817 813 2856 v.
827 2798 847 2855 4

521 2897 638 2958 Valeria
661 2897 775 2958 Serene
792 2910 917 2976 petrone
937 2908 1032 2958 nostre
1054 2899 1116 2958 v.8

520 3006 708 3076 pectorarias
732 3021 759 3060 v.
779 3003 815 3060 17

524 3101 659 3163 Nomina
682 3102 868 3164 Graecanica
890 3105 1002 3163 rustice
1024 3105 1137 3181 scripta
1161 3102 1278 3178 Callope
1301 3097 1328 3160 ν’.
1347 3104 1395 3174 11,
1417 3097 1695 3168 sacrasacra,

574 3205 715 3282 Euscmus
737 3226 764 3266 v.
789 3206 837 3281 22,
860 3207 970 3265 Eleous
992 3226 1020 3265 v.
1045 3205 1083 3264 23

525 3306 713 3388 Compendia
731 3311 897 3386 scripturae
910 3309 1074 3368 insolentia
1087 3318 1142 3380 oct,
1156 3307 1260 3386 sac[c]‚
1269 3307 1324 3384 sel,
1340 3307 1414 3366 libes
1429 3327 1457 3366 v.
1477 3309 1505 3365 1.
1520 3305 1550 3380 2,
1565 3310 1599 3384 ss
1613 3325 1638 3364 r.
1648 3305 1663 3363 3
1673 3299 1695 3377 ¹)

575 3412 667 3489 spatii
690 3412 815 3489 penuria
837 3412 939 3488 aliquo
966 3411 1055 3469 modo
1082 3422 1274 3470 excusantur.

525 3511 682 3574 Sodalium
701 3515 824 3574 nomina
838 3514 998 3593 gentilicia,
1021 3513 1091 3574 item
1106 3505 1273 3586 mulierum,
1298 3513 1392 3572 tribus
1413 3512 1526 3594 litteris
1541 3511 1697 3572 indicantur

572 3609 691 3676 tantum
717 3635 777 3676 uon
806 3617 906 3675 omnia
928 3616 1134 3693 (excipiuntur
1155 3616 1282 3676 Emilias
1306 3615 1454 3675 Secundus
1477 3633 1506 3673 r.
1532 3614 1573 3674 25
1595 3623 1624 3673 et
1648 3613 1697 3671 Vc·

576 3719 650 3778 teria
676 3719 777 3778 Britta
802 3737 830 3777 r.
854 3719 905 3796 15)
938 3738 1022 3778 more
1048 3727 1208 3792 consueto,
1236 3717 1399 3778 insolenter
1425 3725 1573 3794 quattuor
1602 3715 1697 3775 litteris

577 3819 748 3898 Anti(ctic),
771 3822 899 3881 sirecte
922 3822 1017 3881 solvo.

524 3923 645 3984 Puncta
665 3924 841 4002 plerumque
863 3924 990 3996 omissa;
1012 3924 1063 3983 ubi
1079 3924 1181 4003 posita
1196 3933 1276 3999 sunt,
1299 3933 1333 3984 ut
1346 3943 1374 3983 v.
1394 3923 1440 3983 13.
1460 3923 1511 3983 14.
1530 3925 1579 3984 16.
1595 3921 1641 3982 21.
1655 3919 1698 3980 tl.

577 4025 627 4099 25,
649 4027 738 4086 nimis
761 4027 887 4104 grandia
909 4034 1077 4085 evaserunt.

454 4127 588 4189 Nomina
608 4137 668 4188 tam
690 4142 887 4206 patronorum
915 4148 1006 4207 quam
1034 4128 1184 4189 sodalium
1211 4130 1243 4188 in
1269 4129 1409 4188 laterculi
1436 4129 1568 4190 formam
1589 4131 1700 4190 redacta

374 4239 454 4304 sunt,
481 4233 525 4290 ita
545 4242 578 4290 ut
599 4251 647 4291 vv.
665 4232 765 4290 7-11
789 4232 911 4291 nomina
931 4240 1125 4307 patronorum
1148 4233 1284 4302 alteram,
1306 4231 1488 4310 cognomina
1511 4235 1639 4292 alteram
1658 4250 1699 4290 co·

371 4333 506 4394 lumnam
528 4333 673 4404 efficiant3
702 4334 791 4392 tertia
817 4334 892 4393 solis
919 4333 1073 4392 vocabulis
1096 4343 1220 4410 patrone
1240 4346 1336 4394 nosne
1356 4343 1479 4395 constat
1505 4337 1546 4396 ad
1568 4345 1700 4415 patronae

371 4437 461 4495 unius
488 4436 611 4496 nomina
636 4436 776 4508 adiectis,
814 4437 885 4512 quia
919 4436 1038 4511 patroni
1064 4437 1124 4496 iam
1151 4453 1244 4513 supra
1275 4437 1306 4494 in
1332 4439 1573 4515 praescriptione
1601 4439 1700 4498 diserte

370 4539 515 4616 appellati
538 4548 608 4597 sunt
635 4543 756 4615 pctrcra'
777 4541 975 4598 merentissr'mi
1011 4549 1037 4597 et
1050 4538 1245 4614 sc(licissimi)
1278 4551 1303 4599 ct
1326 4545 1555 4616 prestantissimi
1583 4553 1610 4601 ct
1631 4545 1700 4616 pita·

371 4645 484 4700 tissimi.
529 4639 669 4701 Ceterum
693 4643 822 4701 observa
844 4661 872 4701 v.
889 4641 907 4700 9
923 4641 1022 4700 Pressi
1042 4659 1207 4718 cognomen
1230 4642 1302 4700 mibi
1325 4661 1452 4714 novum;
1475 4643 1700 4721 comparandum

371 4743 448 4801 illud
470 4761 537 4804 cum
560 4742 707 4803 Concessi
729 4743 833 4804 Habiti
849 4743 948 4802 Taciti
971 4751 1001 4801 et
1022 4743 1091 4801 aliis
1106 4744 1284 4820 quibusdam
1307 4745 1372 4804 eius
1387 4747 1507 4824 generis
1532 4748 1605 4807 item
1626 4745 1701 4803 raris.

369 4845 428 4904 Vv.
460 4845 580 4906 12-26
630 4857 771 4906 secuntur
814 4845 961 4905 sodalium
999 4845 1167 4921 quindecim
1215 4848 1337 4905 nomina
1374 4848 1525 4925 disposita
1567 4845 1701 4908 columnis

373 5031 577 5041 --.—-.-..

477 5173 499 5236 ¹)
538 5176 596 5226 Nisi
628 5177 656 5226 in
689 5189 780 5231 itt-Fa
800 5181 923 5240 patronae
943 5175 1018 5224 unius
1034 5173 1149 5224 mulieris
1168 5177 1265 5226 mentio
1280 5176 1407 5240 quaedam
1426 5177 1489 5228 latet
1508 5180 1603 5229 inscite
1622 5177 1702 5226 addita

369 5269 401 5317 ab
427 5283 458 5318 eo
479 5269 522 5334 qui
542 5270 644 5320 titulum
666 5270 692 5320 in
712 5285 771 5320 aere
791 5271 889 5320 incidit.
