<?xml version="1.0" encoding="UTF-8"?>
<!DOCTYPE html PUBLIC "-//W3C//DTD XHTML 1.0 Transitional//EN"
    "http://www.w3.org/TR/xhtml1/DTD/xhtml1-transitional.dtd">
<html xmlns="http://www.w3.org/1999/xhtml" xml:lang="en" lang="en">
 <head>
  <title>
</title>
<meta http-equiv="Content-Type" content="text/html;charset=utf-8" />
  <meta name='ocr-system' content='tesseract 3.04.00' />
  <meta name='ocr-capabilities' content='ocr_page ocr_carea ocr_par ocr_line ocrx_word'/>
</head>
<body>
  <div class='ocr_page' id='page_1' title='image "./ephemerisepigra17instgoog_0019.png"; bbox 0 0 3580 5938; ppageno 0'>
   <div class='ocr_carea' id='block_1_1' title="bbox 357 499 1093 571">
    <p class='ocr_par' dir='ltr' id='par_1_1' title="bbox 357 499 1093 571">
     <span class='ocr_line' id='line_1_1' title="bbox 357 499 1093 571; baseline -0.003 -2"><span class='ocrx_word' id='word_1_1' title='bbox 357 499 379 569; x_wconf 89' lang='lat'>8</span> <span class='ocrx_word' id='word_1_2' title='bbox 952 517 1093 571; x_wconf 73' lang='lat' dir='ltr'><strong>mann</strong></span> 
     </span>
    </p>
   </div>
   <div class='ocr_carea' id='block_1_2' title="bbox 355 660 1689 1310">
    <p class='ocr_par' dir='ltr' id='par_1_2' title="bbox 355 660 1689 1310">
     <span class='ocr_line' id='line_1_2' title="bbox 355 660 1685 773; baseline -0.001 -23"><span class='ocrx_word' id='word_1_3' title='bbox 355 701 385 750; x_wconf 90' lang='lat' dir='ltr'><strong>et</strong></span> <span class='ocrx_word' id='word_1_4' title='bbox 405 679 604 770; x_wconf 72' lang='grc' dir='ltr'>Δινννμάχ[ω]</span> <span class='ocrx_word' id='word_1_5' title='bbox 626 692 750 762; x_wconf 78' lang='lat' dir='ltr'><strong>formae,</strong></span> <span class='ocrx_word' id='word_1_6' title='bbox 772 711 849 769; x_wconf 83' lang='lat' dir='ltr'><strong>quae</strong></span> <span class='ocrx_word' id='word_1_7' title='bbox 871 660 966 752; x_wconf 69' lang='lat' dir='ltr'><strong>alteia</strong></span> <span class='ocrx_word' id='word_1_8' title='bbox 987 696 1076 754; x_wconf 88' lang='lat' dir='ltr'><strong>etiam</strong></span> <span class='ocrx_word' id='word_1_9' title='bbox 1098 695 1167 773; x_wconf 84' lang='lat' dir='ltr'><strong>ipsa</strong></span> <span class='ocrx_word' id='word_1_10' title='bbox 1187 697 1299 754; x_wconf 87' lang='lat' dir='ltr'><strong>erroris</strong></span> <span class='ocrx_word' id='word_1_11' title='bbox 1319 695 1434 752; x_wconf 87' lang='lat' dir='ltr'><strong>ratione</strong></span> <span class='ocrx_word' id='word_1_12' title='bbox 1450 691 1685 764; x_wconf 63' lang='lat' dir='ltr'><strong>commendatum</strong></span> 
     </span>
     <span class='ocr_line' id='line_1_3' title="bbox 355 774 1686 874; baseline -0.002 -20"><span class='ocrx_word' id='word_1_13' title='bbox 355 793 474 854; x_wconf 73' lang='lat' dir='ltr'><strong>facilius</strong></span> <span class='ocrx_word' id='word_1_14' title='bbox 496 795 575 852; x_wconf 91' lang='lat' dir='ltr'><strong>enim</strong></span> <span class='ocrx_word' id='word_1_15' title='bbox 597 813 635 852; x_wconf 88' lang='lat' dir='ltr'><strong>ex</strong></span> <span class='ocrx_word' id='word_1_16' title='bbox 657 774 717 852; x_wconf 82' lang='lat' dir='ltr'><strong>uno</strong></span> <span class='ocrx_word' id='word_1_17' title='bbox 740 793 790 871; x_wconf 84' lang='lat' dir='ltr'><strong>(o)</strong></span> <span class='ocrx_word' id='word_1_18' title='bbox 813 813 902 872; x_wconf 88' lang='lat' dir='ltr'><strong>quam</strong></span> <span class='ocrx_word' id='word_1_19' title='bbox 924 816 963 854; x_wconf 88' lang='lat' dir='ltr'><strong>ex</strong></span> <span class='ocrx_word' id='word_1_20' title='bbox 985 795 1101 857; x_wconf 88' lang='lat' dir='ltr'><strong>duabus</strong></span> <span class='ocrx_word' id='word_1_21' title='bbox 1123 797 1230 856; x_wconf 87' lang='lat' dir='ltr'><strong>litteris</strong></span> <span class='ocrx_word' id='word_1_22' title='bbox 1252 797 1323 874; x_wconf 81' lang='lat' dir='ltr'><strong>(or)</strong></span> <span class='ocrx_word' id='word_1_23' title='bbox 1346 795 1423 855; x_wconf 89' lang='lat' dir='ltr'><strong>male</strong></span> <span class='ocrx_word' id='word_1_24' title='bbox 1445 793 1530 854; x_wconf 88' lang='lat' dir='ltr'><strong>lectis</strong></span> <span class='ocrx_word' id='word_1_25' title='bbox 1552 794 1686 853; x_wconf 80' lang='lat' dir='ltr'><strong>foliolum</strong></span> 
     </span>
     <span class='ocr_line' id='line_1_4' title="bbox 357 892 1689 977; baseline -0.001 -22"><span class='ocrx_word' id='word_1_26' title='bbox 357 897 439 974; x_wconf 93' lang='lat' dir='ltr'><strong>quod</strong></span> <span class='ocrx_word' id='word_1_27' title='bbox 459 895 586 955; x_wconf 84' lang='lat' dir='ltr'><strong>traditur</strong></span> <span class='ocrx_word' id='word_1_28' title='bbox 608 896 679 954; x_wconf 90' lang='lat' dir='ltr'><strong>oriri</strong></span> <span class='ocrx_word' id='word_1_29' title='bbox 701 897 807 974; x_wconf 88' lang='lat' dir='ltr'><strong>potuit.</strong></span> <span class='ocrx_word' id='word_1_30' title='bbox 841 892 897 954; x_wconf 69' lang='lat' dir='ltr'><strong>dno*</strong></span> <span class='ocrx_word' id='word_1_31' title='bbox 921 917 991 957; x_wconf 87' lang='lat' dir='ltr'><strong>vero</strong></span> <span class='ocrx_word' id='word_1_32' title='bbox 1009 900 1262 977; x_wconf 81' lang='lat' dir='ltr'>praepositionem</span> <span class='ocrx_word' id='word_1_33' title='bbox 1277 900 1418 958; x_wconf 83' lang='lat' dir='ltr'><strong>intactam</strong></span> <span class='ocrx_word' id='word_1_34' title='bbox 1434 897 1558 972; x_wconf 87' lang='lat' dir='ltr'><strong>reliqui;</strong></span> <span class='ocrx_word' id='word_1_35' title='bbox 1581 897 1689 974; x_wconf 88' lang='lat' dir='ltr'><strong>legitur</strong></span> 
     </span>
     <span class='ocr_line' id='line_1_5' title="bbox 357 995 1687 1081; baseline -0.002 -23"><span class='ocrx_word' id='word_1_36' title='bbox 357 999 460 1058; x_wconf 86' lang='lat' dir='ltr'><strong>eudem</strong></span> <span class='ocrx_word' id='word_1_37' title='bbox 486 999 518 1057; x_wconf 92' lang='lat' dir='ltr'><strong>in</strong></span> <span class='ocrx_word' id='word_1_38' title='bbox 542 999 630 1057; x_wconf 91' lang='lat' dir='ltr'><strong>titulo</strong></span> <span class='ocrx_word' id='word_1_39' title='bbox 652 1008 782 1058; x_wconf 88' lang='lat' dir='ltr'><strong>ceterum</strong></span> <span class='ocrx_word' id='word_1_40' title='bbox 805 1001 917 1060; x_wconf 86' lang='lat' dir='ltr'><strong>aeolice</strong></span> <span class='ocrx_word' id='word_1_41' title='bbox 938 1003 1050 1079; x_wconf 90' lang='lat' dir='ltr'><strong>scripto</strong></span> <span class='ocrx_word' id='word_1_42' title='bbox 1073 999 1107 1060; x_wconf 84' lang='lat' dir='ltr'><strong>O.</strong></span> <span class='ocrx_word' id='word_1_43' title='bbox 1123 1001 1146 1060; x_wconf 92' lang='lat'><strong>1.</strong></span> <span class='ocrx_word' id='word_1_44' title='bbox 1164 1000 1260 1060; x_wconf 79' lang='lat'>2172:</span> <span class='ocrx_word' id='word_1_45' title='bbox 1289 995 1346 1058; x_wconf 74' lang='grc' dir='ltr'><strong>ἀπδ</strong></span> <span class='ocrx_word' id='word_1_46' title='bbox 1369 999 1537 1081; x_wconf 68' lang='grc' dir='ltr'><strong>Κεγγρεᾶν.</strong></span> <span class='ocrx_word' id='word_1_47' title='bbox 1559 1026 1599 1042; x_wconf 83' lang='lat'><strong>-·-</strong></span> <span class='ocrx_word' id='word_1_48' title='bbox 1627 997 1687 1058; x_wconf 89' lang='lat' dir='ltr'><strong>Sub</strong></span> 
     </span>
     <span class='ocr_line' id='line_1_6' title="bbox 356 1091 1688 1185; baseline -0.002 -25"><span class='ocrx_word' id='word_1_49' title='bbox 356 1102 445 1160; x_wconf 86' lang='lat' dir='ltr'><strong>linem</strong></span> <span class='ocrx_word' id='word_1_50' title='bbox 467 1101 559 1160; x_wconf 85' lang='lat' dir='ltr'><strong>verba</strong></span> <span class='ocrx_word' id='word_1_51' title='bbox 581 1091 697 1179; x_wconf 78' lang='grc' dir='ltr'>νὶμμέων</span> <span class='ocrx_word' id='word_1_52' title='bbox 713 1135 750 1144; x_wconf 98' lang='grc'>-</span> <span class='ocrx_word' id='word_1_53' title='bbox 767 1093 901 1185; x_wconf 76' lang='grc' dir='ltr'><strong>πρύτανιν</strong></span> <span class='ocrx_word' id='word_1_54' title='bbox 922 1103 1011 1164; x_wconf 86' lang='lat' dir='ltr'><strong>unius</strong></span> <span class='ocrx_word' id='word_1_55' title='bbox 1033 1121 1140 1162; x_wconf 83' lang='lat' dir='ltr'><strong>versus</strong></span> <span class='ocrx_word' id='word_1_56' title='bbox 1164 1105 1263 1181; x_wconf 89' lang='lat' dir='ltr'><strong>spatio</strong></span> <span class='ocrx_word' id='word_1_57' title='bbox 1282 1103 1411 1162; x_wconf 87' lang='lat' dir='ltr'><strong>coercita</strong></span> <span class='ocrx_word' id='word_1_58' title='bbox 1426 1102 1555 1160; x_wconf 82' lang='lat' dir='ltr'><strong>fortasse</strong></span> <span class='ocrx_word' id='word_1_59' title='bbox 1570 1101 1601 1158; x_wconf 92' lang='lat' dir='ltr'><strong>in</strong></span> <span class='ocrx_word' id='word_1_60' title='bbox 1616 1100 1688 1159; x_wconf 89' lang='lat' dir='ltr'><strong>duos</strong></span> 
     </span>
     <span class='ocr_line' id='line_1_7' title="bbox 358 1193 1155 1310; baseline 0.003 -48"><span class='ocrx_word' id='word_1_61' title='bbox 358 1204 569 1282; x_wconf 80' lang='lat' dir='ltr'><strong>dispescenda:</strong></span> <span class='ocrx_word' id='word_1_62' title='bbox 593 1193 704 1272; x_wconf 73' lang='grc' dir='ltr'>ἆμμέων</span> <span class='ocrx_word' id='word_1_63' title='bbox 725 1197 777 1260; x_wconf 73' lang='grc' dir='ltr'><strong>ταν</strong></span> <span class='ocrx_word' id='word_1_64' title='bbox 801 1205 806 1282; x_wconf 78' lang='grc' dir='ltr'>Ι</span> <span class='ocrx_word' id='word_1_65' title='bbox 830 1199 868 1261; x_wconf 80' lang='grc' dir='ltr'><strong>δι’</strong></span> <span class='ocrx_word' id='word_1_66' title='bbox 891 1203 992 1268; x_wconf 71' lang='grc' dir='ltr'>αἰῶνος</span> <span class='ocrx_word' id='word_1_67' title='bbox 1013 1196 1155 1310; x_wconf 49' lang='lat' dir='ltr'><strong>inplicatur.</strong></span> 
     </span>
    </p>
   </div>
   <div class='ocr_carea' id='block_1_3' title="bbox 358 1303 1786 2823">
    <p class='ocr_par' dir='ltr' id='par_1_3' title="bbox 358 1303 1781 2208">
     <span class='ocr_line' id='line_1_8' title="bbox 440 1303 1690 1384; baseline -0.001 -19"><span class='ocrx_word' id='word_1_68' title='bbox 440 1303 489 1365; x_wconf 89' lang='lat' dir='ltr'><strong>De</strong></span> <span class='ocrx_word' id='word_1_69' title='bbox 515 1306 602 1365; x_wconf 86' lang='lat' dir='ltr'><strong>tertio</strong></span> <span class='ocrx_word' id='word_1_70' title='bbox 623 1306 672 1365; x_wconf 88' lang='lat' dir='ltr'><strong>vel</strong></span> <span class='ocrx_word' id='word_1_71' title='bbox 699 1305 774 1365; x_wconf 89' lang='lat' dir='ltr'><strong>adeo</strong></span> <span class='ocrx_word' id='word_1_72' title='bbox 801 1316 909 1384; x_wconf 89' lang='lat' dir='ltr'><strong>quarto</strong></span> <span class='ocrx_word' id='word_1_73' title='bbox 931 1307 1086 1367; x_wconf 86' lang='lat' dir='ltr'><strong>Publiciae</strong></span> <span class='ocrx_word' id='word_1_74' title='bbox 1114 1309 1234 1368; x_wconf 86' lang='lat' dir='ltr'><strong>nomine</strong></span> <span class='ocrx_word' id='word_1_75' title='bbox 1260 1326 1321 1366; x_wconf 93' lang='lat' dir='ltr'><strong>non</strong></span> <span class='ocrx_word' id='word_1_76' title='bbox 1347 1314 1498 1366; x_wconf 89' lang='lat' dir='ltr'><strong>certares</strong></span> <span class='ocrx_word' id='word_1_77' title='bbox 1520 1315 1577 1366; x_wconf 86' lang='lat' dir='ltr'><strong>est.</strong></span> <span class='ocrx_word' id='word_1_78' title='bbox 1621 1305 1690 1366; x_wconf 91' lang='lat' dir='ltr'><strong>Non</strong></span> 
     </span>
     <span class='ocr_line' id='line_1_9' title="bbox 358 1401 1691 1488; baseline -0.001 -21"><span class='ocrx_word' id='word_1_79' title='bbox 358 1408 524 1468; x_wconf 85' lang='lat' dir='ltr'><strong>dubitarem</strong></span> <span class='ocrx_word' id='word_1_80' title='bbox 540 1401 738 1486; x_wconf 75' lang='grc' dir='ltr'>Ντνκνμαχίδα</span> <span class='ocrx_word' id='word_1_81' title='bbox 759 1427 815 1486; x_wconf 90' lang='lat' dir='ltr'><strong>pro</strong></span> <span class='ocrx_word' id='word_1_82' title='bbox 829 1429 902 1470; x_wconf 86' lang='lat' dir='ltr'><strong>vera</strong></span> <span class='ocrx_word' id='word_1_83' title='bbox 923 1411 1041 1483; x_wconf 86' lang='lat' dir='ltr'><strong>hahere,</strong></span> <span class='ocrx_word' id='word_1_84' title='bbox 1064 1411 1151 1470; x_wconf 88' lang='lat' dir='ltr'><strong>modo</strong></span> <span class='ocrx_word' id='word_1_85' title='bbox 1174 1411 1280 1472; x_wconf 87' lang='lat' dir='ltr'><strong>scirem</strong></span> <span class='ocrx_word' id='word_1_86' title='bbox 1302 1409 1375 1487; x_wconf 91' lang='lat' dir='ltr'><strong>quid</strong></span> <span class='ocrx_word' id='word_1_87' title='bbox 1395 1409 1542 1488; x_wconf 84' lang='lat' dir='ltr'><strong>proximis</strong></span> <span class='ocrx_word' id='word_1_88' title='bbox 1563 1408 1691 1469; x_wconf 84' lang='lat' dir='ltr'><strong>iacerem</strong></span> 
     </span>
     <span class='ocr_line' id='line_1_10' title="bbox 359 1501 1691 1588; baseline -0.002 -16"><span class='ocrx_word' id='word_1_89' title='bbox 359 1527 468 1572; x_wconf 75' lang='lat' dir='ltr'><strong>aurun.</strong></span> <span class='ocrx_word' id='word_1_90' title='bbox 512 1511 569 1570; x_wconf 85' lang='lat' dir='ltr'><strong>Est</strong></span> <span class='ocrx_word' id='word_1_91' title='bbox 595 1510 716 1588; x_wconf 87' lang='lat' dir='ltr'><strong>quidem</strong></span> <span class='ocrx_word' id='word_1_92' title='bbox 745 1501 844 1570; x_wconf 75' lang='grc' dir='ltr'>Βάτων</span> <span class='ocrx_word' id='word_1_93' title='bbox 872 1524 958 1578; x_wconf 85' lang='lat' dir='ltr'><strong>vetus</strong></span> <span class='ocrx_word' id='word_1_94' title='bbox 983 1532 1106 1587; x_wconf 89' lang='lat' dir='ltr'><strong>nomen,</strong></span> <span class='ocrx_word' id='word_1_95' title='bbox 1137 1513 1216 1572; x_wconf 88' lang='lat' dir='ltr'><strong>unde</strong></span> <span class='ocrx_word' id='word_1_96' title='bbox 1242 1523 1272 1572; x_wconf 89' lang='lat' dir='ltr'><strong>et</strong></span> <span class='ocrx_word' id='word_1_97' title='bbox 1293 1502 1384 1571; x_wconf 73' lang='grc' dir='ltr'>Βάτνς</span> <span class='ocrx_word' id='word_1_98' title='bbox 1410 1519 1440 1570; x_wconf 88' lang='lat' dir='ltr'><strong>et</strong></span> <span class='ocrx_word' id='word_1_99' title='bbox 1461 1501 1539 1582; x_wconf 71' lang='lat' dir='ltr'><strong>Beira</strong></span> <span class='ocrx_word' id='word_1_100' title='bbox 1566 1513 1691 1588; x_wconf 85' lang='lat' dir='ltr'><strong>cogitari</strong></span> 
     </span>
     <span class='ocr_line' id='line_1_11' title="bbox 358 1613 1691 1693; baseline -0.002 -19"><span class='ocrx_word' id='word_1_101' title='bbox 358 1616 465 1693; x_wconf 78' lang='lat' dir='ltr'><strong>possit.</strong></span> <span class='ocrx_word' id='word_1_102' title='bbox 497 1613 577 1674; x_wconf 86' lang='lat' dir='ltr'><strong>Fore</strong></span> <span class='ocrx_word' id='word_1_103' title='bbox 595 1615 740 1692; x_wconf 88' lang='lat' dir='ltr'><strong>suspicor,</strong></span> <span class='ocrx_word' id='word_1_104' title='bbox 763 1616 815 1691; x_wconf 94' lang='lat' dir='ltr'><strong>qui</strong></span> <span class='ocrx_word' id='word_1_105' title='bbox 832 1619 996 1673; x_wconf 83' lang='grc' dir='ltr'>ΝΕΙΚΟΜΑ</span> <span class='ocrx_word' id='word_1_106' title='bbox 1012 1616 1043 1676; x_wconf 92' lang='lat' dir='ltr'><strong>in</strong></span> <span class='ocrx_word' id='word_1_107' title='bbox 1059 1620 1247 1673; x_wconf 80' lang='grc' dir='ltr'>ΝΕΙΚΟΛΑΝ</span> <span class='ocrx_word' id='word_1_108' title='bbox 1271 1615 1322 1692; x_wconf 90' lang='lat' dir='ltr'><strong>(ef.</strong></span> <span class='ocrx_word' id='word_1_109' title='bbox 1338 1613 1461 1675; x_wconf 88' lang='lat' dir='ltr'><strong>Lobeck</strong></span> <span class='ocrx_word' id='word_1_110' title='bbox 1475 1613 1561 1691; x_wconf 91' lang='lat' dir='ltr'><strong>proll.</strong></span> <span class='ocrx_word' id='word_1_111' title='bbox 1576 1615 1691 1692; x_wconf 93' lang='lat' dir='ltr'><strong>pathol.</strong></span> 
     </span>
     <span class='ocr_line' id='line_1_12' title="bbox 358 1715 1692 1796; baseline 0 -20"><span class='ocrx_word' id='word_1_112' title='bbox 358 1736 388 1794; x_wconf 88' lang='lat' dir='ltr'><strong>p.</strong></span> <span class='ocrx_word' id='word_1_113' title='bbox 407 1715 466 1776; x_wconf 88' lang='lat'><strong>130</strong></span> <span class='ocrx_word' id='word_1_114' title='bbox 489 1723 519 1775; x_wconf 89' lang='lat' dir='ltr'><strong>et</strong></span> <span class='ocrx_word' id='word_1_115' title='bbox 539 1715 612 1776; x_wconf 87' lang='lat' dir='ltr'><strong>Keil</strong></span> <span class='ocrx_word' id='word_1_116' title='bbox 635 1716 712 1776; x_wconf 85' lang='lat' dir='ltr'><strong>anal.</strong></span> <span class='ocrx_word' id='word_1_117' title='bbox 736 1717 829 1796; x_wconf 83' lang='lat' dir='ltr'><strong>epigr.</strong></span> <span class='ocrx_word' id='word_1_118' title='bbox 852 1738 883 1796; x_wconf 90' lang='lat' dir='ltr'><strong>p.</strong></span> <span class='ocrx_word' id='word_1_119' title='bbox 901 1717 975 1795; x_wconf 88' lang='grc'>161)</span> <span class='ocrx_word' id='word_1_120' title='bbox 1001 1719 1109 1778; x_wconf 90' lang='lat' dir='ltr'><strong>mutari</strong></span> <span class='ocrx_word' id='word_1_121' title='bbox 1132 1719 1242 1792; x_wconf 87' lang='lat' dir='ltr'><strong>velint,</strong></span> <span class='ocrx_word' id='word_1_122' title='bbox 1268 1719 1300 1776; x_wconf 91' lang='lat' dir='ltr'><strong>in</strong></span> <span class='ocrx_word' id='word_1_123' title='bbox 1322 1717 1446 1794; x_wconf 84' lang='lat' dir='ltr'><strong>reliquie</strong></span> <span class='ocrx_word' id='word_1_124' title='bbox 1467 1724 1565 1776; x_wconf 88' lang='lat' dir='ltr'><strong>autem</strong></span> <span class='ocrx_word' id='word_1_125' title='bbox 1589 1735 1692 1796; x_wconf 89' lang='lat' dir='ltr'><strong>super·</strong></span> 
     </span>
     <span class='ocr_line' id='line_1_13' title="bbox 358 1810 1693 1896; baseline -0.001 -16"><span class='ocrx_word' id='word_1_126' title='bbox 358 1819 484 1880; x_wconf 74' lang='lat' dir='ltr'><strong>latinum</strong></span> <span class='ocrx_word' id='word_1_127' title='bbox 506 1818 636 1896; x_wconf 89' lang='lat' dir='ltr'><strong>aliquem</strong></span> <span class='ocrx_word' id='word_1_128' title='bbox 657 1820 752 1879; x_wconf 86' lang='lat' dir='ltr'><strong>latere</strong></span> <span class='ocrx_word' id='word_1_129' title='bbox 775 1828 928 1894; x_wconf 86' lang='lat' dir='ltr'><strong>censeant,</strong></span> <span class='ocrx_word' id='word_1_130' title='bbox 949 1821 1032 1880; x_wconf 83' lang='lat' dir='ltr'><strong>velut</strong></span> <span class='ocrx_word' id='word_1_131' title='bbox 1052 1810 1245 1878; x_wconf 73' lang='grc' dir='ltr'><strong>κλεινοτάταν.</strong></span> <span class='ocrx_word' id='word_1_132' title='bbox 1278 1821 1386 1880; x_wconf 85' lang='lat' dir='ltr'><strong>Matris</strong></span> <span class='ocrx_word' id='word_1_133' title='bbox 1406 1839 1515 1879; x_wconf 91' lang='lat' dir='ltr'><strong>nomen</strong></span> <span class='ocrx_word' id='word_1_134' title='bbox 1529 1838 1589 1877; x_wconf 91' lang='lat' dir='ltr'><strong>non</strong></span> <span class='ocrx_word' id='word_1_135' title='bbox 1604 1820 1693 1879; x_wconf 89' lang='lat' dir='ltr'><strong>nimis</strong></span> 
     </span>
     <span class='ocr_line' id='line_1_14' title="bbox 360 1911 1780 2006; baseline 0 -25"><span class='ocrx_word' id='word_1_136' title='bbox 360 1921 465 1981; x_wconf 81' lang='lat' dir='ltr'><strong>audaci</strong></span> <span class='ocrx_word' id='word_1_137' title='bbox 487 1923 673 1982; x_wconf 85' lang='lat' dir='ltr'><strong>correctione</strong></span> <span class='ocrx_word' id='word_1_138' title='bbox 694 1912 810 2004; x_wconf 74' lang='grc' dir='ltr'>Πρόκλον</span> <span class='ocrx_word' id='word_1_139' title='bbox 831 1922 902 1995; x_wconf 80' lang='lat' dir='ltr'><strong>ieci3</strong></span> <span class='ocrx_word' id='word_1_140' title='bbox 924 1923 1025 2001; x_wconf 88' lang='lat' dir='ltr'><strong>possis</strong></span> <span class='ocrx_word' id='word_1_141' title='bbox 1047 1923 1136 1982; x_wconf 87' lang='lat' dir='ltr'><strong>etiam</strong></span> <span class='ocrx_word' id='word_1_142' title='bbox 1151 1911 1345 2000; x_wconf 73' lang='lat' dir='ltr'><strong>ssui[t]l[u]r</strong></span> <span class='ocrx_word' id='word_1_143' title='bbox 1368 1922 1427 1994; x_wconf 86' lang='lat' dir='ltr'><strong>vel,</strong></span> <span class='ocrx_word' id='word_1_144' title='bbox 1449 1923 1476 1982; x_wconf 91' lang='lat' dir='ltr'><strong>si</strong></span> <span class='ocrx_word' id='word_1_145' title='bbox 1498 1923 1567 1980; x_wconf 82' lang='lat' dir='ltr'><strong>uin</strong></span> <span class='ocrx_word' id='word_1_146' title='bbox 1590 1939 1608 1981; x_wconf 80' lang='lat' dir='ltr'><strong>r</strong></span> <span class='ocrx_word' id='word_1_147' title='bbox 1629 1942 1693 1981; x_wconf 89' lang='lat' dir='ltr'><strong>mu·</strong></span> <span class='ocrx_word' id='word_1_148' title='bbox 1779 2003 1780 2006; x_wconf 9' lang='grc' dir='ltr'>ρ</span> 
     </span>
     <span class='ocr_line' id='line_1_15' title="bbox 360 2015 1694 2104; baseline 0 -20"><span class='ocrx_word' id='word_1_149' title='bbox 360 2031 424 2084; x_wconf 85' lang='lat' dir='ltr'><strong>tare</strong></span> <span class='ocrx_word' id='word_1_150' title='bbox 445 2023 567 2096; x_wconf 85' lang='lat' dir='ltr'><strong>audeas,</strong></span> <span class='ocrx_word' id='word_1_151' title='bbox 588 2015 787 2101; x_wconf 72' lang='grc' dir='ltr'>Παν[ν’]λ[α]ς.</span> <span class='ocrx_word' id='word_1_152' title='bbox 826 2027 992 2084; x_wconf 67' lang='lat' dir='ltr'><strong>flaochatum</strong></span> <span class='ocrx_word' id='word_1_153' title='bbox 1012 2026 1044 2085; x_wconf 91' lang='lat' dir='ltr'><strong>in</strong></span> <span class='ocrx_word' id='word_1_154' title='bbox 1066 2023 1101 2086; x_wconf 84' lang='lat' dir='ltr'><strong>C.</strong></span> <span class='ocrx_word' id='word_1_155' title='bbox 1116 2025 1142 2086; x_wconf 93' lang='grc' dir='ltr'><strong>Ι.</strong></span> <span class='ocrx_word' id='word_1_156' title='bbox 1159 2026 1241 2086; x_wconf 85' lang='grc'><strong>6665</strong></span> <span class='ocrx_word' id='word_1_157' title='bbox 1263 2034 1319 2086; x_wconf 88' lang='lat' dir='ltr'><strong>est.</strong></span> <span class='ocrx_word' id='word_1_158' title='bbox 1357 2023 1402 2084; x_wconf 85' lang='lat' dir='ltr'><strong>Oi.</strong></span> <span class='ocrx_word' id='word_1_159' title='bbox 1425 2023 1642 2104; x_wconf 89' lang='lat' dir='ltr'><strong>Dittenberger</strong></span> <span class='ocrx_word' id='word_1_160' title='bbox 1664 2026 1694 2084; x_wconf 95' lang='lat' dir='ltr'><strong>in</strong></span> 
     </span>
     <span class='ocr_line' id='line_1_16' title="bbox 360 2113 1781 2208; baseline -0.003 -20"><span class='ocrx_word' id='word_1_161' title='bbox 360 2127 492 2188; x_wconf 88' lang='lat' dir='ltr'><strong>Hermae</strong></span> <span class='ocrx_word' id='word_1_162' title='bbox 512 2127 573 2186; x_wconf 82' lang='lat' dir='ltr'><strong>rol.</strong></span> <span class='ocrx_word' id='word_1_163' title='bbox 585 2123 632 2186; x_wconf 88' lang='lat' dir='ltr'><strong>VI</strong></span> <span class='ocrx_word' id='word_1_164' title='bbox 652 2127 722 2185; x_wconf 89' lang='grc'><strong>307.</strong></span> <span class='ocrx_word' id='word_1_165' title='bbox 1096 2195 1102 2208; x_wconf 29' lang='grc' dir='ltr'>ρ</span> <span class='ocrx_word' id='word_1_166' title='bbox 1780 2113 1781 2124; x_wconf 58' lang='grc'>’</span> 
     </span>
    </p>

    <p class='ocr_par' dir='ltr' id='par_1_4' title="bbox 361 2228 1784 2617">
     <span class='ocr_line' id='line_1_17' title="bbox 443 2228 1693 2308; baseline -0.001 -20"><span class='ocrx_word' id='word_1_167' title='bbox 443 2229 569 2288; x_wconf 85' lang='lat' dir='ltr'><strong>Praeter</strong></span> <span class='ocrx_word' id='word_1_168' title='bbox 596 2240 731 2289; x_wconf 89' lang='lat' dir='ltr'><strong>senatum</strong></span> <span class='ocrx_word' id='word_1_169' title='bbox 762 2230 883 2308; x_wconf 85' lang='lat' dir='ltr'><strong>saepius</strong></span> <span class='ocrx_word' id='word_1_170' title='bbox 904 2239 1047 2308; x_wconf 79' lang='lat' dir='ltr'><strong>prytanea</strong></span> <span class='ocrx_word' id='word_1_171' title='bbox 1069 2229 1148 2308; x_wconf 93' lang='lat' dir='ltr'><strong>apud</strong></span> <span class='ocrx_word' id='word_1_172' title='bbox 1169 2230 1368 2308; x_wconf 84' lang='lat' dir='ltr'><strong>Mytilenaeas</strong></span> <span class='ocrx_word' id='word_1_173' title='bbox 1390 2239 1600 2290; x_wconf 86' lang='lat' dir='ltr'><strong>memorantur.</strong></span> <span class='ocrx_word' id='word_1_174' title='bbox 1646 2228 1693 2290; x_wconf 84' lang='lat' dir='ltr'><strong>Oi.</strong></span> 
     </span>
     <span class='ocr_line' id='line_1_18' title="bbox 362 2329 1692 2412; baseline -0.002 -18"><span class='ocrx_word' id='word_1_175' title='bbox 362 2331 503 2412; x_wconf 89' lang='lat' dir='ltr'><strong>Sapphus</strong></span> <span class='ocrx_word' id='word_1_176' title='bbox 529 2332 566 2391; x_wconf 84' lang='lat' dir='ltr'><strong>ir.</strong></span> <span class='ocrx_word' id='word_1_177' title='bbox 586 2330 688 2392; x_wconf 78' lang='lat'><strong>13913.</strong></span> <span class='ocrx_word' id='word_1_178' title='bbox 732 2331 815 2406; x_wconf 83' lang='lat' dir='ltr'><strong>Quot</strong></span> <span class='ocrx_word' id='word_1_179' title='bbox 840 2333 966 2406; x_wconf 89' lang='lat' dir='ltr'><strong>fuerint,</strong></span> <span class='ocrx_word' id='word_1_180' title='bbox 995 2333 1178 2410; x_wconf 84' lang='lat' dir='ltr'><strong>ignoramus.</strong></span> <span class='ocrx_word' id='word_1_181' title='bbox 1222 2329 1378 2394; x_wconf 69' lang='lat' dir='ltr'><strong>Publiciis</strong></span> <span class='ocrx_word' id='word_1_182' title='bbox 1405 2353 1458 2412; x_wconf 89' lang='lat' dir='ltr'><strong>per</strong></span> <span class='ocrx_word' id='word_1_183' title='bbox 1485 2342 1578 2392; x_wconf 87' lang='lat' dir='ltr'><strong>totam</strong></span> <span class='ocrx_word' id='word_1_184' title='bbox 1601 2333 1692 2392; x_wconf 87' lang='lat' dir='ltr'><strong>vitam</strong></span> 
     </span>
     <span class='ocr_line' id='line_1_19' title="bbox 361 2425 1784 2519; baseline -0.003 -23"><span class='ocrx_word' id='word_1_185' title='bbox 361 2433 410 2496; x_wconf 76' lang='lat' dir='ltr'><strong>hio</strong></span> <span class='ocrx_word' id='word_1_186' title='bbox 431 2437 528 2496; x_wconf 85' lang='lat' dir='ltr'><strong>honor</strong></span> <span class='ocrx_word' id='word_1_187' title='bbox 549 2434 699 2508; x_wconf 80' lang='lat' dir='ltr'><strong>tribuitur,</strong></span> <span class='ocrx_word' id='word_1_188' title='bbox 722 2434 797 2494; x_wconf 76' lang='lat' dir='ltr'><strong>alius</strong></span> <span class='ocrx_word' id='word_1_189' title='bbox 819 2435 887 2511; x_wconf 81' lang='lat' dir='ltr'><strong>quis</strong></span> <span class='ocrx_word' id='word_1_190' title='bbox 911 2433 1001 2512; x_wconf 81' lang='grc'><strong>(0.1.</strong></span> <span class='ocrx_word' id='word_1_191' title='bbox 1018 2435 1112 2514; x_wconf 74' lang='lat'>2189)</span> <span class='ocrx_word' id='word_1_192' title='bbox 1133 2431 1187 2494; x_wconf 73' lang='lat' dir='ltr'><strong>retu</strong></span> <span class='ocrx_word' id='word_1_193' title='bbox 1207 2425 1351 2506; x_wconf 68' lang='grc' dir='ltr'>ἐπώνυμον</span> <span class='ocrx_word' id='word_1_194' title='bbox 1373 2431 1433 2494; x_wconf 76' lang='lat' dir='ltr'><strong>a&#39;rd</strong></span> <span class='ocrx_word' id='word_1_195' title='bbox 1456 2426 1604 2502; x_wconf 70' lang='grc' dir='ltr'>βασνλὲων</span> <span class='ocrx_word' id='word_1_196' title='bbox 1625 2459 1694 2519; x_wconf 84' lang='grc' dir='ltr'>πρυ·</span> <span class='ocrx_word' id='word_1_197' title='bbox 1783 2459 1784 2464; x_wconf 67' lang='grc'>’</span> 
     </span>
     <span class='ocr_line' id='line_1_20' title="bbox 361 2531 629 2617; baseline 0 -21"><span class='ocrx_word' id='word_1_198' title='bbox 361 2531 477 2609; x_wconf 77' lang='grc' dir='ltr'>τανηίαν</span> <span class='ocrx_word' id='word_1_199' title='bbox 499 2538 629 2617; x_wconf 83' lang='lat' dir='ltr'><strong>gerebat.</strong></span> 
     </span>
    </p>

    <p class='ocr_par' dir='ltr' id='par_1_5' title="bbox 364 2624 1786 2823">
     <span class='ocr_line' id='line_1_21' title="bbox 446 2624 1786 2721; baseline 0 -21"><span class='ocrx_word' id='word_1_200' title='bbox 446 2639 589 2702; x_wconf 84' lang='lat' dir='ltr'><strong>Ceterum</strong></span> <span class='ocrx_word' id='word_1_201' title='bbox 613 2658 652 2700; x_wconf 86' lang='lat' dir='ltr'><strong>ex</strong></span> <span class='ocrx_word' id='word_1_202' title='bbox 678 2631 853 2698; x_wconf 82' lang='grc' dir='ltr'>Πνντλικνάν</span> <span class='ocrx_word' id='word_1_203' title='bbox 880 2643 1029 2721; x_wconf 85' lang='lat' dir='ltr'><strong>scriptura</strong></span> <span class='ocrx_word' id='word_1_204' title='bbox 1055 2642 1135 2720; x_wconf 88' lang='lat' dir='ltr'><strong>quod</strong></span> <span class='ocrx_word' id='word_1_205' title='bbox 1161 2641 1283 2720; x_wconf 90' lang='lat' dir='ltr'><strong>aliquod</strong></span> <span class='ocrx_word' id='word_1_206' title='bbox 1311 2641 1418 2702; x_wconf 82' lang='lat' dir='ltr'><strong>aetatis</strong></span> <span class='ocrx_word' id='word_1_207' title='bbox 1445 2641 1526 2701; x_wconf 91' lang='lat' dir='ltr'><strong>tituli</strong></span> <span class='ocrx_word' id='word_1_208' title='bbox 1551 2640 1695 2700; x_wconf 89' lang='lat' dir='ltr'><strong>indicium</strong></span> <span class='ocrx_word' id='word_1_209' title='bbox 1785 2624 1786 2664; x_wconf 60' lang='lat' dir='ltr'><strong>l</strong></span> 
     </span>
     <span class='ocr_line' id='line_1_22' title="bbox 364 2741 1695 2823; baseline -0.002 -20"><span class='ocrx_word' id='word_1_210' title='bbox 364 2744 471 2805; x_wconf 87' lang='lat' dir='ltr'><strong>ducere</strong></span> <span class='ocrx_word' id='word_1_211' title='bbox 497 2760 677 2822; x_wconf 88' lang='lat' dir='ltr'><strong>possumus,</strong></span> <span class='ocrx_word' id='word_1_212' title='bbox 703 2742 927 2822; x_wconf 87' lang='lat' dir='ltr'><strong>Dittenbergeri</strong></span> <span class='ocrx_word' id='word_1_213' title='bbox 955 2763 1048 2823; x_wconf 88' lang='lat' dir='ltr'><strong>opera</strong></span> <span class='ocrx_word' id='word_1_214' title='bbox 1074 2746 1187 2804; x_wconf 86' lang='lat' dir='ltr'><strong>iactum</strong></span> <span class='ocrx_word' id='word_1_215' title='bbox 1214 2754 1274 2817; x_wconf 89' lang='lat' dir='ltr'><strong>est,</strong></span> <span class='ocrx_word' id='word_1_216' title='bbox 1304 2746 1355 2823; x_wconf 93' lang='lat' dir='ltr'><strong>qui</strong></span> <span class='ocrx_word' id='word_1_217' title='bbox 1376 2745 1395 2803; x_wconf 93' lang='lat' dir='ltr'><strong>l.</strong></span> <span class='ocrx_word' id='word_1_218' title='bbox 1411 2743 1443 2804; x_wconf 79' lang='lat' dir='ltr'><strong>h.</strong></span> <span class='ocrx_word' id='word_1_219' title='bbox 1465 2763 1489 2803; x_wconf 87' lang='lat' dir='ltr'><strong>e.</strong></span> <span class='ocrx_word' id='word_1_220' title='bbox 1511 2763 1541 2821; x_wconf 90' lang='lat' dir='ltr'><strong>p.</strong></span> <span class='ocrx_word' id='word_1_221' title='bbox 1558 2741 1695 2820; x_wconf 72' lang='lat' dir='ltr'><strong>287sqq.</strong></span> 
     </span>
    </p>
   </div>
   <div class='ocr_carea' id='block_1_4' title="bbox 363 2837 1788 2923">
    <p class='ocr_par' dir='ltr' id='par_1_6' title="bbox 363 2837 1788 2923">
     <span class='ocr_line' id='line_1_23' title="bbox 363 2837 1788 2923; baseline -0.001 -18"><span class='ocrx_word' id='word_1_222' title='bbox 363 2847 403 2905; x_wconf 86' lang='lat' dir='ltr'><strong>ad</strong></span> <span class='ocrx_word' id='word_1_223' title='bbox 430 2847 550 2906; x_wconf 91' lang='lat' dir='ltr'><strong>tertium</strong></span> <span class='ocrx_word' id='word_1_224' title='bbox 577 2864 674 2923; x_wconf 88' lang='lat' dir='ltr'><strong>usque</strong></span> <span class='ocrx_word' id='word_1_225' title='bbox 701 2864 731 2922; x_wconf 90' lang='lat' dir='ltr'><strong>p.</strong></span> <span class='ocrx_word' id='word_1_226' title='bbox 755 2843 825 2905; x_wconf 85' lang='lat' dir='ltr'><strong>Chr.</strong></span> <span class='ocrx_word' id='word_1_227' title='bbox 853 2865 883 2904; x_wconf 93' lang='lat' dir='ltr'><strong>n.</strong></span> <span class='ocrx_word' id='word_1_228' title='bbox 910 2847 1061 2907; x_wconf 88' lang='lat' dir='ltr'><strong>saeculum</strong></span> <span class='ocrx_word' id='word_1_229' title='bbox 1088 2837 1214 2908; x_wconf 74' lang='grc' dir='ltr'>Πέντλννς</span> <span class='ocrx_word' id='word_1_230' title='bbox 1234 2857 1348 2907; x_wconf 87' lang='lat' dir='ltr'><strong>nomen</strong></span> <span class='ocrx_word' id='word_1_231' title='bbox 1369 2845 1498 2923; x_wconf 89' lang='lat' dir='ltr'><strong>indeque</strong></span> <span class='ocrx_word' id='word_1_232' title='bbox 1519 2865 1595 2923; x_wconf 90' lang='lat' dir='ltr'><strong>quae</strong></span> <span class='ocrx_word' id='word_1_233' title='bbox 1617 2845 1696 2904; x_wconf 89' lang='lat' dir='ltr'><strong>deri·</strong></span> <span class='ocrx_word' id='word_1_234' title='bbox 1787 2889 1788 2896; x_wconf 61' lang='grc'><strong>.</strong></span> 
     </span>
    </p>
   </div>
   <div class='ocr_carea' id='block_1_5' title="bbox 363 2947 1695 3112">
    <p class='ocr_par' dir='ltr' id='par_1_7' title="bbox 363 2947 1695 3112">
     <span class='ocr_line' id='line_1_24' title="bbox 363 2947 1695 3050; baseline 0.001 -43"><span class='ocrx_word' id='word_1_235' title='bbox 363 2956 482 3050; x_wconf 62' lang='lat' dir='ltr'><strong>uantur,</strong></span> <span class='ocrx_word' id='word_1_236' title='bbox 507 2967 569 3007; x_wconf 92' lang='lat' dir='ltr'><strong>non</strong></span> <span class='ocrx_word' id='word_1_237' title='bbox 596 2969 627 3006; x_wconf 88' lang='grc' dir='ltr'><strong>ον</strong></span> <span class='ocrx_word' id='word_1_238' title='bbox 650 2947 852 3028; x_wconf 80' lang='lat' dir='ltr'><strong>diphthongo,</strong></span> <span class='ocrx_word' id='word_1_239' title='bbox 880 2950 935 3008; x_wconf 84' lang='lat' dir='ltr'><strong>sed</strong></span> <span class='ocrx_word' id='word_1_240' title='bbox 961 2949 1088 3029; x_wconf 89' lang='lat' dir='ltr'><strong>simplici</strong></span> <span class='ocrx_word' id='word_1_241' title='bbox 1116 2973 1129 3007; x_wconf 87' lang='grc' dir='ltr'>ο</span> <span class='ocrx_word' id='word_1_242' title='bbox 1152 2949 1252 3010; x_wconf 83' lang='lat' dir='ltr'><strong>vocali</strong></span> <span class='ocrx_word' id='word_1_243' title='bbox 1278 2951 1390 3026; x_wconf 89' lang='lat' dir='ltr'><strong>scripta</strong></span> <span class='ocrx_word' id='word_1_244' title='bbox 1415 2949 1624 3027; x_wconf 83' lang='lat' dir='ltr'><strong>praevaluisse</strong></span> <span class='ocrx_word' id='word_1_245' title='bbox 1645 2948 1695 3008; x_wconf 85' lang='lat' dir='ltr'><strong>de·</strong></span> 
     </span>
     <span class='ocr_line' id='line_1_25' title="bbox 363 3051 553 3112; baseline -0.005 0"><span class='ocrx_word' id='word_1_246' title='bbox 363 3051 553 3112; x_wconf 85' lang='lat' dir='ltr'><strong>monstravit.</strong></span> 
     </span>
    </p>
   </div>
   <div class='ocr_carea' id='block_1_6' title="bbox 364 3358 1699 3523">
    <p class='ocr_par' dir='ltr' id='par_1_8' title="bbox 364 3358 1699 3523">
     <span class='ocr_line' id='line_1_26' title="bbox 364 3358 1699 3439; baseline 0 -19"><span class='ocrx_word' id='word_1_247' title='bbox 364 3362 404 3420; x_wconf 93' lang='lat' dir='ltr'><strong>II.</strong></span> <span class='ocrx_word' id='word_1_248' title='bbox 440 3360 540 3419; x_wconf 90' lang='lat' dir='ltr'><strong>Priori</strong></span> <span class='ocrx_word' id='word_1_249' title='bbox 561 3360 649 3420; x_wconf 90' lang='lat' dir='ltr'><strong>titulo</strong></span> <span class='ocrx_word' id='word_1_250' title='bbox 671 3358 713 3419; x_wconf 85' lang='lat' dir='ltr'><strong>its</strong></span> <span class='ocrx_word' id='word_1_251' title='bbox 734 3359 933 3434; x_wconf 89' lang='lat' dir='ltr'><strong>continuatur,</strong></span> <span class='ocrx_word' id='word_1_252' title='bbox 955 3368 988 3418; x_wconf 91' lang='lat' dir='ltr'><strong>ut</strong></span> <span class='ocrx_word' id='word_1_253' title='bbox 1009 3359 1143 3420; x_wconf 89' lang='lat' dir='ltr'><strong>eiusdem</strong></span> <span class='ocrx_word' id='word_1_254' title='bbox 1164 3361 1314 3439; x_wconf 85' lang='lat' dir='ltr'><strong>porticula</strong></span> <span class='ocrx_word' id='word_1_255' title='bbox 1335 3360 1455 3420; x_wconf 88' lang='lat' dir='ltr'><strong>habitus</strong></span> <span class='ocrx_word' id='word_1_256' title='bbox 1478 3377 1545 3421; x_wconf 89' lang='lat' dir='ltr'><strong>esse</strong></span> <span class='ocrx_word' id='word_1_257' title='bbox 1559 3360 1699 3420; x_wconf 86' lang='lat' dir='ltr'><strong>videatur</strong></span> 
     </span>
     <span class='ocr_line' id='line_1_27' title="bbox 406 3462 978 3523; baseline 0.002 -2"><span class='ocrx_word' id='word_1_258' title='bbox 406 3481 462 3523; x_wconf 88' lang='lat' dir='ltr'><strong>nec</strong></span> <span class='ocrx_word' id='word_1_259' title='bbox 483 3481 561 3523; x_wconf 85' lang='lat' dir='ltr'><strong>novo</strong></span> <span class='ocrx_word' id='word_1_260' title='bbox 583 3463 723 3523; x_wconf 83' lang='lat' dir='ltr'><strong>lemmate</strong></span> <span class='ocrx_word' id='word_1_261' title='bbox 744 3462 907 3522; x_wconf 87' lang='lat' dir='ltr'><strong>adornatus</strong></span> <span class='ocrx_word' id='word_1_262' title='bbox 930 3463 978 3522; x_wconf 89' lang='lat' dir='ltr'><strong>sit.</strong></span> 
     </span>
    </p>
   </div>
   <div class='ocr_carea' id='block_1_7' title="bbox 754 3663 1298 4067">
    <p class='ocr_par' dir='ltr' id='par_1_9' title="bbox 754 3663 1298 3963">
     <span class='ocr_line' id='line_1_28' title="bbox 754 3663 1257 3751; baseline 0.004 -21"><span class='ocrx_word' id='word_1_263' title='bbox 754 3668 816 3730; x_wconf 81' lang='lat' dir='ltr'><strong>Tclv</strong></span> <span class='ocrx_word' id='word_1_264' title='bbox 837 3674 963 3751; x_wconf 74' lang='grc' dir='ltr'><strong>«γυναῖκα</strong></span> <span class='ocrx_word' id='word_1_265' title='bbox 983 3675 1025 3733; x_wconf 78' lang='lat' dir='ltr'><strong>roi</strong></span> <span class='ocrx_word' id='word_1_266' title='bbox 1045 3665 1193 3739; x_wconf 69' lang='grc' dir='ltr'><strong>Σεβάστου</strong></span> <span class='ocrx_word' id='word_1_267' title='bbox 1216 3663 1257 3732; x_wconf 72' lang='lat' dir='ltr'><strong>vi·</strong></span> 
     </span>
     <span class='ocr_line' id='line_1_29' title="bbox 755 3765 1298 3853; baseline 0.007 -19"><span class='ocrx_word' id='word_1_268' title='bbox 755 3801 789 3834; x_wconf 94' lang='grc' dir='ltr'><strong>αν</strong></span> <span class='ocrx_word' id='word_1_269' title='bbox 811 3766 887 3833; x_wconf 62' lang='lat' dir='ltr'><strong>&amp;tau</strong></span> <span class='ocrx_word' id='word_1_270' title='bbox 909 3769 954 3853; x_wconf 80' lang='lat' dir='ltr'><strong>[ol]</strong></span> <span class='ocrx_word' id='word_1_271' title='bbox 976 3765 1076 3842; x_wconf 69' lang='grc' dir='ltr'><strong>βὸλλα</strong></span> <span class='ocrx_word' id='word_1_272' title='bbox 1097 3765 1146 3833; x_wconf 62' lang='grc' dir='ltr'><strong>καὶ</strong></span> <span class='ocrx_word' id='word_1_273' title='bbox 1168 3771 1183 3834; x_wconf 77' lang='grc' dir='ltr'><em>ὅ</em></span> <span class='ocrx_word' id='word_1_274' title='bbox 1206 3771 1298 3846; x_wconf 62' lang='grc' dir='ltr'>δᾶμος</span> 
     </span>
     <span class='ocr_line' id='line_1_30' title="bbox 755 3867 1162 3963; baseline 0.005 -28"><span class='ocrx_word' id='word_1_275' title='bbox 755 3867 918 3944; x_wconf 60' lang='lat' dir='ltr'><strong>{adderes</strong></span> <span class='ocrx_word' id='word_1_276' title='bbox 940 3870 1162 3963; x_wconf 58' lang='grc' dir='ltr'>γυμνασίαρχον</span> 
     </span>
    </p>

    <p class='ocr_par' dir='ltr' id='par_1_10' title="bbox 756 3973 1265 4067">
     <span class='ocr_line' id='line_1_31' title="bbox 756 3973 1265 4067; baseline 0 -29"><span class='ocrx_word' id='word_1_277' title='bbox 756 3975 795 4039; x_wconf 78' lang='grc' dir='ltr'><strong>δι’</strong></span> <span class='ocrx_word' id='word_1_278' title='bbox 817 3979 917 4042; x_wconf 70' lang='lat' dir='ltr'><strong>uicinae</strong></span> <span class='ocrx_word' id='word_1_279' title='bbox 936 3973 1056 4040; x_wconf 80' lang='grc' dir='ltr'>Ἰουλνάν</span> <span class='ocrx_word' id='word_1_280' title='bbox 1076 3973 1265 4067; x_wconf 70' lang='grc' dir='ltr'>Ἀγρνππῖναν</span> 
     </span>
    </p>
   </div>
   <div class='ocr_carea' id='block_1_8' title="bbox 346 4192 1701 5300">
    <p class='ocr_par' dir='ltr' id='par_1_11' title="bbox 366 4192 1700 4589">
     <span class='ocr_line' id='line_1_32' title="bbox 366 4192 1699 4274; baseline -0.003 -16"><span class='ocrx_word' id='word_1_281' title='bbox 366 4199 404 4258; x_wconf 87' lang='lat' dir='ltr'><strong>V.</strong></span> <span class='ocrx_word' id='word_1_282' title='bbox 418 4197 435 4256; x_wconf 77' lang='lat'><strong>2</strong></span> <span class='ocrx_word' id='word_1_283' title='bbox 452 4195 576 4256; x_wconf 87' lang='lat' dir='ltr'><strong>articulo</strong></span> <span class='ocrx_word' id='word_1_284' title='bbox 590 4195 704 4254; x_wconf 86' lang='lat' dir='ltr'><strong>inserto</strong></span> <span class='ocrx_word' id='word_1_285' title='bbox 719 4212 796 4274; x_wconf 88' lang='lat' dir='ltr'><strong>opus</strong></span> <span class='ocrx_word' id='word_1_286' title='bbox 812 4201 864 4253; x_wconf 88' lang='lat' dir='ltr'><strong>est.</strong></span> <span class='ocrx_word' id='word_1_287' title='bbox 877 4227 918 4237; x_wconf 94' lang='lat'><em>-</em></span> <span class='ocrx_word' id='word_1_288' title='bbox 937 4192 1069 4255; x_wconf 92' lang='lat' dir='ltr'><strong>Similem</strong></span> <span class='ocrx_word' id='word_1_289' title='bbox 1085 4195 1242 4254; x_wconf 84' lang='lat' dir='ltr'><strong>verborum</strong></span> <span class='ocrx_word' id='word_1_290' title='bbox 1258 4193 1392 4254; x_wconf 90' lang='lat' dir='ltr'><strong>ordinem</strong></span> <span class='ocrx_word' id='word_1_291' title='bbox 1407 4195 1500 4254; x_wconf 88' lang='lat' dir='ltr'><strong>habes</strong></span> <span class='ocrx_word' id='word_1_292' title='bbox 1516 4193 1551 4254; x_wconf 83' lang='lat' dir='ltr'><strong>G.</strong></span> <span class='ocrx_word' id='word_1_293' title='bbox 1563 4195 1587 4253; x_wconf 90' lang='grc' dir='ltr'><strong>Ι.</strong></span> <span class='ocrx_word' id='word_1_294' title='bbox 1600 4195 1699 4256; x_wconf 78' lang='lat'><strong>5904:</strong></span> 
     </span>
     <span class='ocr_line' id='line_1_33' title="bbox 366 4285 1700 4382; baseline -0.001 -25"><span class='ocrx_word' id='word_1_295' title='bbox 366 4295 415 4372; x_wconf 73' lang='grc' dir='ltr'><strong>τήν</strong></span> <span class='ocrx_word' id='word_1_296' title='bbox 437 4291 481 4357; x_wconf 66' lang='grc' dir='ltr'><strong>ἐπὶ</strong></span> <span class='ocrx_word' id='word_1_297' title='bbox 503 4288 582 4376; x_wconf 69' lang='grc' dir='ltr'>πάν-ῃ</span> <span class='ocrx_word' id='word_1_298' title='bbox 605 4294 691 4381; x_wconf 71' lang='grc' dir='ltr'>ἀρετῇ</span> <span class='ocrx_word' id='word_1_299' title='bbox 711 4286 890 4381; x_wconf 64' lang='lat' dir='ltr'><strong>cuppola-ring</strong></span> <span class='ocrx_word' id='word_1_300' title='bbox 912 4319 943 4352; x_wconf 82' lang='grc' dir='ltr'><strong>τε</strong></span> <span class='ocrx_word' id='word_1_301' title='bbox 964 4285 1012 4353; x_wconf 65' lang='grc' dir='ltr'><strong>καὶ</strong></span> <span class='ocrx_word' id='word_1_302' title='bbox 1034 4289 1124 4375; x_wconf 70' lang='grc' dir='ltr'>σοφίᾳ</span> <span class='ocrx_word' id='word_1_303' title='bbox 1147 4289 1367 4382; x_wconf 51' lang='grc' dir='ltr'>διαπρέαννρταν</span> <span class='ocrx_word' id='word_1_304' title='bbox 1387 4289 1507 4356; x_wconf 67' lang='grc' dir='ltr'>Ἰουλίαν</span> <span class='ocrx_word' id='word_1_305' title='bbox 1529 4286 1700 4355; x_wconf 69' lang='lat' dir='ltr'><strong>Bria-achilon</strong></span> 
     </span>
     <span class='ocr_line' id='line_1_34' title="bbox 368 4389 1700 4484; baseline -0.003 -24"><span class='ocrx_word' id='word_1_306' title='bbox 368 4401 463 4480; x_wconf 88' lang='lat' dir='ltr'><strong>(quod</strong></span> <span class='ocrx_word' id='word_1_307' title='bbox 484 4420 593 4462; x_wconf 81' lang='lat' dir='ltr'><strong>nomen</strong></span> <span class='ocrx_word' id='word_1_308' title='bbox 615 4409 725 4462; x_wconf 85' lang='lat' dir='ltr'><strong>temere</strong></span> <span class='ocrx_word' id='word_1_309' title='bbox 747 4400 870 4480; x_wconf 82' lang='lat' dir='ltr'><strong>corrigit</strong></span> <span class='ocrx_word' id='word_1_310' title='bbox 884 4399 997 4478; x_wconf 81' lang='lat' dir='ltr'><strong>Franz)</strong></span> <span class='ocrx_word' id='word_1_311' title='bbox 1019 4391 1116 4470; x_wconf 65' lang='grc' dir='ltr'>βουλὴ</span> <span class='ocrx_word' id='word_1_312' title='bbox 1133 4401 1138 4478; x_wconf 73' lang='lat' dir='ltr'><strong>l</strong></span> <span class='ocrx_word' id='word_1_313' title='bbox 1154 4390 1202 4457; x_wconf 76' lang='lat' dir='ltr'><strong>urci</strong></span> <span class='ocrx_word' id='word_1_314' title='bbox 1225 4393 1313 4471; x_wconf 73' lang='grc' dir='ltr'>δῆμος</span> <span class='ocrx_word' id='word_1_315' title='bbox 1334 4401 1384 4472; x_wconf 70' lang='grc' dir='ltr'><strong>τῆς</strong></span> <span class='ocrx_word' id='word_1_316' title='bbox 1404 4401 1540 4484; x_wconf 76' lang='grc' dir='ltr'>λαμπροῖς</span> <span class='ocrx_word' id='word_1_317' title='bbox 1554 4389 1700 4478; x_wconf 55' lang='grc' dir='ltr'><strong>[πέλεῃως</strong></span> 
     </span>
     <span class='ocr_line' id='line_1_35' title="bbox 368 4492 1090 4589; baseline 0 -29"><span class='ocrx_word' id='word_1_318' title='bbox 368 4504 580 4589; x_wconf 75' lang='grc' dir='ltr'>Ταυρομενιτῶν</span> <span class='ocrx_word' id='word_1_319' title='bbox 601 4493 789 4584; x_wconf 70' lang='grc' dir='ltr'><strong>ἆνὲ[στη]Ιο-εν</strong></span> <span class='ocrx_word' id='word_1_320' title='bbox 810 4495 860 4574; x_wconf 58' lang='lat' dir='ltr'><strong>mlv</strong></span> <span class='ocrx_word' id='word_1_321' title='bbox 881 4492 1090 4586; x_wconf 73' lang='grc' dir='ltr'><strong>λαμπροτάτην.</strong></span> 
     </span>
    </p>

    <p class='ocr_par' dir='ltr' id='par_1_12' title="bbox 346 4603 1701 5300">
     <span class='ocr_line' id='line_1_36' title="bbox 451 4603 1701 4686; baseline 0 -22"><span class='ocrx_word' id='word_1_322' title='bbox 451 4605 531 4674; x_wconf 84' lang='lat' dir='ltr'><strong>Iulia</strong></span> <span class='ocrx_word' id='word_1_323' title='bbox 552 4605 721 4686; x_wconf 83' lang='lat' dir='ltr'><strong>Agrippina</strong></span> <span class='ocrx_word' id='word_1_324' title='bbox 748 4639 785 4648; x_wconf 99' lang='lat'><em>-</em></span> <span class='ocrx_word' id='word_1_325' title='bbox 816 4605 861 4664; x_wconf 87' lang='lat' dir='ltr'><strong>sic</strong></span> <span class='ocrx_word' id='word_1_326' title='bbox 883 4603 1052 4663; x_wconf 88' lang='lat' dir='ltr'><strong>nominatur</strong></span> <span class='ocrx_word' id='word_1_327' title='bbox 1074 4603 1147 4663; x_wconf 89' lang='lat' dir='ltr'><strong>Tac.</strong></span> <span class='ocrx_word' id='word_1_328' title='bbox 1168 4605 1248 4664; x_wconf 90' lang='lat' dir='ltr'><strong>Ann.</strong></span> <span class='ocrx_word' id='word_1_329' title='bbox 1268 4603 1362 4668; x_wconf 83' lang='lat' dir='ltr'>XIII</span> <span class='ocrx_word' id='word_1_330' title='bbox 1387 4637 1429 4650; x_wconf 92' lang='lat'>—</span> <span class='ocrx_word' id='word_1_331' title='bbox 1450 4623 1528 4664; x_wconf 89' lang='lat' dir='ltr'><strong>anno</strong></span> <span class='ocrx_word' id='word_1_332' title='bbox 1551 4615 1622 4682; x_wconf 90' lang='lat' dir='ltr'><strong>post</strong></span> <span class='ocrx_word' id='word_1_333' title='bbox 1643 4607 1701 4666; x_wconf 89' lang='lat' dir='ltr'><strong>ini-</strong></span> 
     </span>
     <span class='ocr_line' id='line_1_37' title="bbox 367 4705 1700 4785; baseline -0.001 -15"><span class='ocrx_word' id='word_1_334' title='bbox 367 4721 429 4771; x_wconf 92' lang='lat' dir='ltr'><strong>tum</strong></span> <span class='ocrx_word' id='word_1_335' title='bbox 458 4727 525 4769; x_wconf 89' lang='lat' dir='ltr'><strong>cum</strong></span> <span class='ocrx_word' id='word_1_336' title='bbox 552 4710 732 4785; x_wconf 88' lang='lat' dir='ltr'><strong>imperatore</strong></span> <span class='ocrx_word' id='word_1_337' title='bbox 761 4705 888 4768; x_wconf 87' lang='lat' dir='ltr'><strong>Claudio</strong></span> <span class='ocrx_word' id='word_1_338' title='bbox 914 4707 1135 4766; x_wconf 90' lang='lat' dir='ltr'><strong>matrimonium</strong></span> <span class='ocrx_word' id='word_1_339' title='bbox 1160 4707 1318 4785; x_wconf 78' lang='lat' dir='ltr'><strong>Augustus</strong></span> <span class='ocrx_word' id='word_1_340' title='bbox 1344 4725 1452 4766; x_wconf 90' lang='lat' dir='ltr'><strong>nomen</strong></span> <span class='ocrx_word' id='word_1_341' title='bbox 1479 4709 1596 4785; x_wconf 87' lang='lat' dir='ltr'><strong>accepit</strong></span> <span class='ocrx_word' id='word_1_342' title='bbox 1621 4717 1700 4770; x_wconf 84' lang='lat' dir='ltr'><strong>teste</strong></span> 
     </span>
     <span class='ocr_line' id='line_1_38' title="bbox 346 4800 1701 4888; baseline -0.004 -14"><span class='ocrx_word' id='word_1_343' title='bbox 346 4871 350 4885; x_wconf 85' lang='lat'>‚</span> <span class='ocrx_word' id='word_1_344' title='bbox 368 4812 475 4874; x_wconf 86' lang='lat' dir='ltr'><strong>Tacito</strong></span> <span class='ocrx_word' id='word_1_345' title='bbox 496 4813 577 4871; x_wconf 86' lang='lat' dir='ltr'><strong>Ann.</strong></span> <span class='ocrx_word' id='word_1_346' title='bbox 599 4811 665 4871; x_wconf 87' lang='lat' dir='ltr'><strong>XII</strong></span> <span class='ocrx_word' id='word_1_347' title='bbox 681 4811 737 4884; x_wconf 79' lang='lat'><strong>26,</strong></span> <span class='ocrx_word' id='word_1_348' title='bbox 765 4819 947 4888; x_wconf 88' lang='lat' dir='ltr'><strong>quapropter</strong></span> <span class='ocrx_word' id='word_1_349' title='bbox 969 4829 996 4868; x_wconf 89' lang='lat' dir='ltr'><strong>a.</strong></span> <span class='ocrx_word' id='word_1_350' title='bbox 1012 4809 1051 4868; x_wconf 83' lang='lat'><strong>49</strong></span> <span class='ocrx_word' id='word_1_351' title='bbox 1074 4827 1134 4868; x_wconf 93' lang='lat' dir='ltr'><strong>non</strong></span> <span class='ocrx_word' id='word_1_352' title='bbox 1157 4809 1309 4886; x_wconf 90' lang='lat' dir='ltr'><strong>antiquior</strong></span> <span class='ocrx_word' id='word_1_353' title='bbox 1330 4820 1378 4869; x_wconf 87' lang='lat' dir='ltr'><strong>est</strong></span> <span class='ocrx_word' id='word_1_354' title='bbox 1398 4810 1512 4869; x_wconf 84' lang='lat' dir='ltr'><strong>titulus.</strong></span> <span class='ocrx_word' id='word_1_355' title='bbox 1556 4800 1612 4868; x_wconf 79' lang='grc' dir='ltr'><strong>Νέα</strong></span> <span class='ocrx_word' id='word_1_356' title='bbox 1634 4803 1701 4870; x_wconf 67' lang='grc' dir='ltr'><strong>θεά</strong></span> 
     </span>
     <span class='ocr_line' id='line_1_39' title="bbox 367 4899 1699 4994; baseline -0.002 -20"><span class='ocrx_word' id='word_1_357' title='bbox 367 4917 448 4994; x_wconf 91' lang='lat' dir='ltr'><strong>quod</strong></span> <span class='ocrx_word' id='word_1_358' title='bbox 470 4914 647 4994; x_wconf 89' lang='lat' dir='ltr'><strong>appellatur,</strong></span> <span class='ocrx_word' id='word_1_359' title='bbox 669 4913 738 4973; x_wconf 89' lang='lat' dir='ltr'><strong>hinc</strong></span> <span class='ocrx_word' id='word_1_360' title='bbox 758 4913 796 4972; x_wconf 87' lang='lat' dir='ltr'><strong>de</strong></span> <span class='ocrx_word' id='word_1_361' title='bbox 815 4913 888 4972; x_wconf 91' lang='lat' dir='ltr'><strong>certi</strong></span> <span class='ocrx_word' id='word_1_362' title='bbox 909 4911 1063 4971; x_wconf 84' lang='lat' dir='ltr'><strong>cuiusdam</strong></span> <span class='ocrx_word' id='word_1_363' title='bbox 1086 4899 1217 4971; x_wconf 88' lang='lat' dir='ltr'><strong>numinis</strong></span> <span class='ocrx_word' id='word_1_364' title='bbox 1239 4911 1382 4988; x_wconf 91' lang='lat' dir='ltr'><strong>religione</strong></span> <span class='ocrx_word' id='word_1_365' title='bbox 1399 4913 1532 4990; x_wconf 87' lang='lat' dir='ltr'><strong>cogitare</strong></span> <span class='ocrx_word' id='word_1_366' title='bbox 1547 4921 1699 4986; x_wconf 88' lang='lat' dir='ltr'><strong>vetamur;</strong></span> 
     </span>
     <span class='ocr_line' id='line_1_40' title="bbox 368 5011 1701 5097; baseline -0.001 -21"><span class='ocrx_word' id='word_1_367' title='bbox 368 5037 549 5097; x_wconf 81' lang='lat' dir='ltr'><strong>quamquam</strong></span> <span class='ocrx_word' id='word_1_368' title='bbox 572 5035 649 5089; x_wconf 90' lang='lat' dir='ltr'><strong>oum,</strong></span> <span class='ocrx_word' id='word_1_369' title='bbox 670 5025 703 5074; x_wconf 88' lang='lat' dir='ltr'><strong>ut</strong></span> <span class='ocrx_word' id='word_1_370' title='bbox 724 5025 818 5074; x_wconf 89' lang='lat' dir='ltr'><strong>mater</strong></span> <span class='ocrx_word' id='word_1_371' title='bbox 840 5013 921 5092; x_wconf 89' lang='lat' dir='ltr'><strong>apud</strong></span> <span class='ocrx_word' id='word_1_372' title='bbox 937 5014 1135 5090; x_wconf 84' lang='lat' dir='ltr'><strong>Mytilenaecs</strong></span> <span class='ocrx_word' id='word_1_373' title='bbox 1151 5011 1270 5074; x_wconf 89' lang='lat' dir='ltr'><strong>Cereris</strong></span> <span class='ocrx_word' id='word_1_374' title='bbox 1291 5013 1412 5074; x_wconf 86' lang='lat' dir='ltr'><strong>nomine</strong></span> <span class='ocrx_word' id='word_1_375' title='bbox 1427 5015 1589 5086; x_wconf 88' lang='lat' dir='ltr'><strong>colebatur,</strong></span> <span class='ocrx_word' id='word_1_376' title='bbox 1611 5015 1701 5075; x_wconf 86' lang='lat' dir='ltr'><strong>itaet</strong></span> 
     </span>
     <span class='ocr_line' id='line_1_41' title="bbox 367 5117 1699 5199; baseline -0.002 -19"><span class='ocrx_word' id='word_1_377' title='bbox 367 5123 436 5199; x_wconf 84' lang='lat' dir='ltr'><strong>ipsa</strong></span> <span class='ocrx_word' id='word_1_378' title='bbox 464 5119 527 5178; x_wconf 86' lang='lat' dir='ltr'><strong>lilia</strong></span> <span class='ocrx_word' id='word_1_379' title='bbox 554 5119 584 5176; x_wconf 93' lang='lat' dir='ltr'><strong>in</strong></span> <span class='ocrx_word' id='word_1_380' title='bbox 612 5118 817 5195; x_wconf 88' lang='lat' dir='ltr'><strong>compluribus</strong></span> <span class='ocrx_word' id='word_1_381' title='bbox 845 5127 876 5176; x_wconf 86' lang='lat' dir='ltr'><strong>et</strong></span> <span class='ocrx_word' id='word_1_382' title='bbox 902 5135 1041 5176; x_wconf 86' lang='lat' dir='ltr'><strong>romanae</strong></span> <span class='ocrx_word' id='word_1_383' title='bbox 1070 5126 1100 5176; x_wconf 87' lang='lat' dir='ltr'><strong>et</strong></span> <span class='ocrx_word' id='word_1_384' title='bbox 1126 5125 1268 5176; x_wconf 86' lang='lat' dir='ltr'><strong>externae</strong></span> <span class='ocrx_word' id='word_1_385' title='bbox 1296 5117 1421 5195; x_wconf 85' lang='lat' dir='ltr'><strong>originis</strong></span> <span class='ocrx_word' id='word_1_386' title='bbox 1448 5118 1579 5177; x_wconf 87' lang='lat' dir='ltr'><strong>nummis</strong></span> <span class='ocrx_word' id='word_1_387' title='bbox 1607 5129 1699 5196; x_wconf 91' lang='lat' dir='ltr'><strong>caput</strong></span> 
     </span>
     <span class='ocr_line' id='line_1_42' title="bbox 368 5210 1699 5300; baseline -0.003 -18"><span class='ocrx_word' id='word_1_388' title='bbox 368 5210 460 5300; x_wconf 87' lang='lat' dir='ltr'><strong>spicis</strong></span> <span class='ocrx_word' id='word_1_389' title='bbox 479 5221 649 5282; x_wconf 85' lang='lat' dir='ltr'><strong>obvelatum</strong></span> <span class='ocrx_word' id='word_1_390' title='bbox 664 5220 774 5280; x_wconf 90' lang='lat' dir='ltr'><strong>habeat</strong></span> <span class='ocrx_word' id='word_1_391' title='bbox 796 5219 849 5296; x_wconf 85' lang='lat' dir='ltr'><strong>(cf.</strong></span> <span class='ocrx_word' id='word_1_392' title='bbox 865 5219 981 5279; x_wconf 80' lang='lat' dir='ltr'><strong>Eokhel</strong></span> <span class='ocrx_word' id='word_1_393' title='bbox 997 5218 1041 5279; x_wconf 91' lang='lat' dir='ltr'><strong>VI</strong></span> <span class='ocrx_word' id='word_1_394' title='bbox 1057 5218 1127 5280; x_wconf 76' lang='lat'><strong>257.</strong></span> <span class='ocrx_word' id='word_1_395' title='bbox 1144 5217 1229 5298; x_wconf 77' lang='lat'><strong>259),</strong></span> <span class='ocrx_word' id='word_1_396' title='bbox 1251 5220 1330 5279; x_wconf 93' lang='lat' dir='ltr'><strong>haud</strong></span> <span class='ocrx_word' id='word_1_397' title='bbox 1345 5221 1491 5282; x_wconf 83' lang='lat' dir='ltr'><strong>absonum</strong></span> <span class='ocrx_word' id='word_1_398' title='bbox 1506 5227 1586 5280; x_wconf 82' lang='lat' dir='ltr'><strong>esset</strong></span> <span class='ocrx_word' id='word_1_399' title='bbox 1599 5221 1699 5300; x_wconf 90' lang='lat' dir='ltr'><strong>suspi-</strong></span> 
     </span>
    </p>
   </div>
   <div class='ocr_carea' id='block_1_9' title="bbox 0 0 1809 5938">
    <p class='ocr_par' dir='ltr' id='par_1_13' title="bbox 0 0 1809 5938">
     <span class='ocr_line' id='line_1_43' title="bbox 0 0 1809 5938; baseline 0 0"><span class='ocrx_word' id='word_1_400' title='bbox 0 0 1809 5938; x_wconf 95' lang='lat' dir='ltr'><strong> </strong></span> 
     </span>
    </p>
   </div>
  </div>
 </body>
</html>
