3532 5938
369 488 443 561 268
660 503 964 556 ossnnvarronns
990 503 1265 556 amensamens
1290 503 1397 560 xvm.

362 667 474 741 'Africa
504 689 605 758 gestas
628 688 804 738 ornamenta
824 679 1017 758 triumphalia
1038 679 1136 739 denuo
1158 687 1344 757 statuamque
1366 681 1529 740 laureatam
1559 680 1689 757 (Tacitus

368 805 437 845 ann.
460 782 571 860 4,.23).
616 781 730 841 Romae
753 789 952 841 commoratus
973 800 1027 858 per
1049 799 1145 842 annos
1171 792 1332 859 sequentes
1354 782 1495 859 (Tacitus
1516 801 1579 842 ann.
1600 784 1630 856 3,
1645 783 1689 842 64.
1752 771 1753 836 l

369 887 461 961 4,13.
486 885 548 962 22.)
572 886 691 964 legatus
708 883 889 945 Germaniae
904 885 1055 944 inferioris
1069 885 1166 944 factus
1181 893 1228 946 est
1248 906 1276 946 a.
1301 885 1340 944 28
1364 886 1506 958 (Tacitus
1519 905 1585 946 ann.
1599 888 1632 958 4,
1646 887 1689 945 ts.
1752 869 1753 960 2

371 988 505 1066 11,19);
535 1007 604 1047 nam
631 1007 697 1052 eam
724 988 905 1066 legationem
932 986 984 1063 qui
1010 987 1073 1046 filio
1100 988 1235 1048 tribuunt
1261 1008 1297 1048 eo
1324 999 1459 1066 tempore
1479 988 1603 1048 nondum
1625 1006 1688 1046 oon·

369 1092 430 1151 suli
450 1092 540 1165 facto,
555 1092 688 1171 graviter
702 1097 811 1150 errant.
855 1089 947 1148 Recte
969 1103 1070 1150 autem
1085 1092 1192 1167 opinor
1213 1091 1252 1150 ad
1272 1109 1341 1151 enm
1355 1090 1533 1151 rettulerunt
1547 1091 1599 1150 viri
1620 1091 1693 1149 docti
1752 1079 1753 1090 ¹

369 1195 490 1254 titulum
531 1195 807 1272 Mogontiacensem
834 1194 945 1272 (Orell.
974 1192 1116 1253 2976=
1140 1194 1310 1254 Brambach
1337 1195 1413 1271 937)
1443 1194 1575 1254 malletis
1602 1195 1695 1252 euius·

373 1298 442 1357 dam
458 1298 532 1356 civis
543 1297 696 1358 Romanae
711 1301 827 1358 natione
838 1299 989 1357 Neratiae
977 1300 1102 1356 romanie
1117 1296 1261 1373 berteficsro
1262 1296 1353 1374 )[L.]
1369 1297 1491 1374 Aproni.
1513 1295 1695 1375 Legationem

373 1399 595 1472 Germaniae,'
586 1419 618 1459 ιιι
640 1418 700 1476 qua
723 1400 838 1460 cladem
860 1419 879 1458 a
900 1399 1010 1460 Frisiis
1033 1402 1157 1476 accepit,
1180 1419 1248 1458 eum
1269 1400 1459 1476 protraxisse
1480 1400 1519 1458 ad
1541 1417 1567 1458 a.
1582 1399 1621 1458 34
1641 1417 1694 1457 nou

372 1503 447 1562 satis
470 1511 550 1561 certo
520 1502 703 1561 toefficitnr
724 1521 763 1561 ex
786 1502 886 1562 Taciti
907 1503 1026 1576 loco6,
1044 1501 1098 1560 30.
1123 1500 1287 1562 Gaetulicus
1309 1521 1343 1562 ea
1366 1511 1526 1579 tenpestate
1548 1504 1694 1578 superioris

376 1604 549 1665 Germaniae
571 1605 693 1681 legiones
709 1606 831 1664 curabat
850 1609 1006 1682 mirumque
1027 1621 1151 1664 amorem
1166 1606 1318 1665 adsecutus
1332 1616 1395 1664 erat
1409 1605 1516 1680 effusos
1537 1605 1696 1674 camarae,
1752 1651 1753 1694 ,

371 1710 498 1767 modicus
519 1711 669 1767 teneritate
690 1719 717 1767 et
732 1712 865 1786 prosimu
887 1725 999 1785 quoque
1021 1699 1154 1766 caercitui
1176 1727 1231 1784 per
1253 1707 1290 1765 L
1323 1708 1484 1784 Apronium
1505 1725 1695 1767 coemuranae
1752 1699 1753 1742 l

370 1815 509 1888 inprobae.
566 1807 714 1869 Lentulus
757 1809 934 1871 Gaetulicus
980 1809 1086 1870 consul
1121 1828 1148 1868 a.
1185 1807 1224 1868 26
1265 1827 1332 1868 cum
1375 1831 1429 1887 per
1470 1810 1572 1870 decem
1611 1825 1696 1867 annos

375 1911 557 1973 Germaniae
617 1913 766 1988 superiori
823 1911 1024 1990 praefuisset,
1090 1912 1180 1989 periit
1236 1912 1401 1990 imperante
1457 1910 1537 1972 Gaio
1591 1930 1620 1970 a.
1663 1909 1695 1968 30

374 2015 448 2092 (Dio
471 2015 521 2088 59,
539 2013 602 2092 22).
639 2013 698 2075 Sed
726 2033 908 2091 quamquam
936 2014 1041 2073 eodem
1073 2023 1207 2092 tempore
1229 2013 1369 2074 Tiberius
1397 2033 1534 2075 socerum
1565 2013 1696 2084 inferiori,

274 2167 276 2172 ,
372 2137 513 2197 generum
543 2117 689 2192 superiori
716 2117 862 2176 exercitui
889 2117 1068 2193 praefecisse
1097 2117 1222 2191 videtur,
1255 2128 1287 2176 ut
1314 2117 1389 2176 nihil
1414 2117 1541 2195 impedit
1564 2121 1606 2174 ita
1632 2115 1698 2172 nihil

373 2221 452 2298 cogit
486 2229 518 2280 ut
550 2231 708 2297 utrumque
735 2219 772 2277 ad
810 2229 935 2280 mortem
978 2238 1070 2297 usque
1092 2219 1208 2280 Tiberii
1239 2223 1270 2279 in
1304 2221 1408 2280 eodem
1446 2219 1546 2279 officio
1571 2239 1697 2297 perman·

374 2328 451 2384 sisse
486 2330 663 2382 statuamus.
721 2319 796 2381 Utat
837 2331 898 2393 est,
944 2339 979 2380 eo
1019 2340 1079 2399 quo
1113 2321 1249 2380 Velleius
1290 2323 1413 2400 scripsit
1433 2327 1577 2400 'tempore
1604 2341 1631 2379 a.
1664 2321 1697 2379 30

373 2426 528 2506 Apronius
553 2426 705 2484 etiamtum
731 2424 762 2483 in
784 2425 862 2484 vivis
890 2423 1009 2484 videtur
1028 2424 1133 2484 fuisse.
1194 2424 1308 2484 Postea
1328 2443 1388 2484 non
1410 2433 1653 2485 commemoratur
1674 2433 1699 2481 et

372 2536 405 2588 ut
426 2528 540 2588 Tiberii
570 2537 706 2603 tempora
733 2526 885 2604 effugerit,
917 2536 1040 2605 propter
1062 2535 1199 2586 exactam
1227 2536 1354 2587 aetatem
1382 2529 1433 2586 diu
1460 2544 1619 2604 superesse
1645 2546 1697 2586 non

374 2631 481 2710 potuit.
526 2628 608 2690 Satis
631 2636 728 2688 autem
752 2637 877 2707 apparet
897 2626 935 2687 L.
959 2629 1127 2705 Apronium
1150 2638 1180 2688 et
1200 2639 1324 2706 propter
1345 2630 1504 2688 militarem
1530 2629 1697 2689 industriam

376 2742 407 2792 et
427 2739 550 2810 propter
577 2731 667 2790 fidem
695 2731 837 2791 adversus
859 2733 1068 2809 imperatorem
1097 2733 1134 2790 ab
1162 2729 1332 2791 adulatione
1355 2732 1494 2807 (Tacitus
1516 2751 1587 2791 ann.
1611 2729 1638 2804 2,
1653 2729 1696 2806 32)

375 2852 436 2894 non
463 2835 592 2894 alienam
618 2835 698 2893 inter
724 2833 874 2911 principes
912 2833 1019 2893 aetatis
1053 2833 1233 2893 Tiberianae
1264 2836 1346 2893 viros
1379 2833 1480 2894 locum
1515 2833 1697 2912 conspicuum

376 2938 552 2998 obtinuisse.

461 3040 586 3099 Praeter
607 3039 687 3098 filias
710 3039 800 3111 duas,
834 3057 958 3116 quarum
981 3040 1086 3116 nupsit
1107 3040 1217 3112 altera,
1249 3047 1282 3099 ut
1303 3039 1392 3098 modo
1413 3041 1557 3112 vidimus,
1583 3039 1697 3099 Lentulo

378 3140 538 3202 Gaetulico
565 3140 682 3200 consuli
719 3159 747 3199 a.
771 3141 820 3211 26,
856 3143 950 3200 altera
974 3141 1096 3201 Plautio
1124 3141 1247 3204 Silvano
1279 3143 1411 3218 praetori
1438 3163 1465 3201 a.
1499 3142 1539 3201 24
1572 3141 1696 3220 (Tacitus

376 3264 445 3304 ann.
468 3245 498 3316 4,
515 3243 579 3321 22),
606 3245 702 3302 filium
728 3245 835 3303 habuit
860 3243 895 3303 L.
923 3246 1091 3323 Apronium
1119 3243 1316 3316 Cassianum,
1339 3247 1422 3304 cuius
1455 3245 1578 3320 plenum
1603 3262 1697 3304 nomen

377 3356 499 3406 servant
526 3347 598 3405 fasti
626 3347 765 3404 Antiates
793 3347 852 3406 vol.
879 3349 893 3406 1
922 3367 952 3424 p.
976 3346 1034 3406 327
1065 3357 1095 3406 et
1121 3355 1189 3405 acta
1209 3347 1367 3406 Arvalium
1389 3367 1416 3405 a.
1439 3347 1478 3406 39
1508 3347 1553 3424 (p.
1574 3344 1697 3405 XLVIII

376 3449 528 3525 Henzen).
572 3449 718 3508 Meruisse
741 3468 809 3507 eum
831 3469 857 3507 a.
879 3470 908 3528 p.
926 3447 996 3508 Chr.
1015 3449 1054 3508 20
1076 3450 1107 3508 in
1130 3449 1232 3508 Africa
1254 3450 1309 3509 sub
1331 3457 1417 3525 patre
1439 3468 1532 3526 supra
1553 3470 1592 3510 ex
1606 3448 1697 3507 Tacito

374 3551 558 3624 rettulimus,
589 3552 825 3628 confirmantque
854 3552 996 3610 carmina.
1039 3550 1185 3628 Legatum
1215 3571 1282 3611 eum
1304 3552 1382 3628 patri
1410 3552 1442 3611 in
1463 3551 1600 3611 Africam
1620 3552 1697 3610 ivisse

378 3654 477 3714 adhuc
499 3654 557 3712 viri
579 3653 657 3712 docti
680 3660 848 3712 statuerunt
869 3647 929 3726 non
952 3655 1017 3713 sine
1039 3654 1263 3731 probabilitate3
1297 3663 1328 3712 at
1353 3673 1420 3712 cum
1444 3654 1502 3712 iam
1522 3673 1562 3714 ex
1585 3655 1698 3713 cumina

378 3757 569 3833 intellegatur
587 3755 682 3813 filium
703 3775 739 3814 eo
755 3765 888 3833 ternpore
903 3755 1062 3833 pueritiam
1077 3757 1129 3815 vix
1151 3773 1306 3834 egressum
1333 3775 1428 3833 neque
1451 3757 1513 3816 ullo
1536 3757 1697 3834 magistratu

379 3858 533 3918 etiamtum
559 3858 693 3917 functum
721 3877 822 3936 pugna
843 3868 977 3936 tempore
1003 3877 1063 3918 non
1091 3861 1254 3932 senatoris,
1282 3859 1334 3918 sed
1362 3859 1471 3936 equitis
1496 3859 1625 3919 Romani
1644 3859 1697 3916 loco

376 3961 483 4035 fuisse,
509 3977 570 4020 non
591 3960 708 4039 legatus
731 3971 844 4036 patrem
867 3963 1025 4020 comitatus
1049 3971 1104 4034 est,
1127 3961 1181 4020 sed
1202 3971 1256 4021 ant
1276 3962 1414 4020 tribunus
1436 3961 1566 4024 militum
1587 3961 1697 4039 legionis

378 4064 434 4124 ivit
470 4070 522 4121 aut
555 4080 653 4122 comes
681 4063 887 4122 tantummodo
923 4073 953 4122 et
984 4065 1216 4123 contubernalis.
1276 4062 1528 4141 Septemviratum
1556 4083 1620 4123 enm
1640 4081 1697 4120 mox

381 4165 537 4244 accepisse
557 4172 681 4242 propter
701 4165 820 4225 laudem
841 4167 922 4226 bello
945 4167 1003 4226 sibi
1024 4176 1140 4244 partam
1162 4186 1202 4225 ex
1223 4167 1281 4226 hoc
1302 4166 1389 4225 titulo
1410 4166 1579 4243 colligitur;
1600 4165 1697 4226 scilicet

383 4289 450 4330 cnm
472 4277 594 4346 propter
609 4276 737 4328 aetatem
751 4270 942 4346 magistratus
958 4288 1116 4348 capessere
1137 4289 1198 4330 non
1219 4277 1332 4346 posset,
1359 4269 1696 4328 sacerdotio'exornatus

380 4381 427 4432 est
454 4372 507 4449 (cf.
535 4371 601 4431 Liv.
624 4371 676 4442 40,
703 4369 753 4442 42,
775 4371 803 4430 8.
827 4371 877 4445 42,
898 4371 1025 4448 28‚13).
1070 4371 1187 4432 Deinde
1222 4391 1248 4430 a.
1276 4371 1315 4431 39
1343 4390 1412 4431 cnm
1438 4373 1506 4449 ipso
1536 4372 1696 4450 imperatore

382 4474 461 4536 Gaio
483 4474 581 4533 fasces
614 4493 681 4532 eom
714 4474 845 4550 gessisse
876 4475 948 4534 fasti
980 4475 1118 4534 Antiates
1153 4483 1183 4534 et
1214 4481 1282 4533 acta
1302 4473 1459 4532 Arvalium
1481 4473 1640 4534 docuerunt
1662 4471 1696 4528 ita

381 4587 569 4655 comparata,
602 4583 636 4634 ut
666 4594 727 4634 non
747 4567 854 4635 iterum
894 4586 971 4649 tum,
998 4576 1051 4636 sed
1077 4577 1206 4652 primum
1233 4595 1301 4636 eum
1328 4577 1480 4636 consulem
1507 4577 1617 4638 factam
1641 4593 1695 4634 esse

385 4681 561 4751 ostendant,
594 4678 676 4755 quod
707 4696 814 4738 moneo
845 4690 968 4757 propter
995 4699 1126 4739 errorem
1153 4679 1377 4757 aNipperdeio
1403 4679 1435 4736 in
1462 4678 1648 4739 adnotatione
1666 4675 1695 4734 ad

382 4783 521 4844 Tacitum
543 4801 611 4842 ann.
636 4781 664 4856 3,
680 4779 717 4841 21
748 4783 951 4842 commissum.
994 4782 1156 4842 Praeterea
1181 4781 1325 4841 memoria
1350 4781 1414 4840 eius
1441 4801 1503 4841 non
1525 4791 1619 4853 extet,
1646 4777 1693 4837 nisi

382 4885 464 4963 quod
498 4885 537 4944 ad
569 4904 636 4944 eum
671 4885 821 4962 pertinere
855 4885 994 4945 videntur
1029 4903 1106 4961 quae
1136 4884 1252 4944 Plinius
1289 4883 1380 4944 tradit
1405 4883 1435 4944 h.
1456 4903 1487 4942 n.
1505 4885 1556 4958 11,
1575 4880 1693 4956 31,213;

383 4987 423 5046 L.
449 4988 564 5065 Aproni
590 4989 749 5047 consuturis
775 4991 834 5046 citt
853 4988 918 5064 filio
945 4989 1083 5048 &nactos
1111 4989 1211 5064 adipes
1243 4987 1418 5064 leuatumque
1452 5003 1557 5065 corpas
1581 4981 1695 5044 small

385 5108 476 5150 onere.
520 5091 612 5170 Apud
633 5091 760 5150 eundem
782 5109 857 5167 qnae
878 5090 1068 5151 nominantur
1090 5109 1192 5151 cerasa
1206 5091 1380 5169 Aproniana
1401 5083 1691 5167 (h.n.15‚to,1ot)

386 5193 465 5253 unde
485 5212 594 5255 nomen
617 5194 776 5269 traxerint,
799 5195 964 5275 ignoratur.
