3540 5940
56 599 159 647 eur-ers
499 595 692 646 PANNONIA
711 594 897 646 innnnnon.
1300 575 1372 645 369

56 769 116 829 625
137 769 243 829 Battue
265 789 329 846 rep.
351 771 382 828 in
411 778 508 829 castro
531 769 668 828 Romano
695 787 723 846 q.
748 769 775 829 d.
797 768 937 828 Kliszr'tk.
981 770 1019 826 A.
1044 767 1121 828 1873
1147 769 1227 827 venit
1251 769 1283 826 in
1311 789 1373 826 mu·

90 891 171 930 seum
193 872 383 932 Pestinense.

621 1029 745 1078 remunito
760 1027 799 1068 da

624 1112 668 1152 rico
683 1113 800 1152 sarmatico

623 1178 864 1242 maxine*

588 1300 653 1343 COH
679 1302 719 1345 oe
741 1302 830 1343 MAVR

586 1403 824 1466 maxttalntstt
915 1430 933 1458 ῃ,
946 1418 1014 1463 23513

588 1505 830 1549 DEVOTtssm

532 1611 544 1648 5
589 1609 704 1650 ruvinum
722 1593 832 1651 nutrit

650 1697 772 1755 tttttt

55 1847 177 1908 Contuli.
223 1847 336 1906 Romer
356 1866 385 1905 n.
404 1849 472 1908 368.

89 1951 248 2009 Maximini
272 1959 318 2008 est
338 1958 392 2009 ant
412 1951 546 2010 Maximi.

56 2200 117 2259 626
138 2201 250 2262 Battae
271 2223 334 2280 rep.
356 2202 387 2261 in
414 2213 512 2262 castro
533 2202 671 2262 Romano
694 2223 721 2280 q.
746 2203 774 2262 d.
797 2203 935 2263 Kliszdk.
978 2201 1037 2262 Est
1061 2202 1179 2263 Pestini
1206 2205 1237 2263 in
1264 2221 1378 2263 museo.

526 2394 626 2440 protome
712 2395 812 2441 protome
827 2388 894 2430 udutta'

529 2475 626 2515 marteris
760 2477 849 2526 puellae

511 2608 517 2632 Ι
529 2557 631 2607 trisonem
743 2568 861 2609 papavera

535 2643 624 2682 mentis
733 2642 867 2692 punimus

447 2849 468 2889 D
530 2817 592 2859 homa
674 2816 743 2869 trinas
830 2819 891 2859 homo

531 2907 593 2942 stans
835 2907 895 2943 stum

530 3003 585 3044 ΑΕΙ.
602 3017 607 3032 ·
625 3002 701 3044 SVRA
718 3015 725 3028 ·
817 3001 896 3046 POSV

530 3105 624 3147 matut
642 3118 648 3131 ·
665 3104 731 3146 SVAE
841 3117 848 3133 ·
872 3107 892 3146 lt
923 3071 927 3079 Ι

430 3139 897 3292 ΔΜ
991 3209 1024 3250 tic

53 3381 179 3444 Contuli.
229 3383 342 3442 Romen
362 3404 391 3443 n.
408 3384 477 3443 390.

462 3809 689 3884 AvaovM
711 3812 754 3889 (p.
771 3811 841 3871 439.
867 3812 971 3889 1041).

52 3975 117 4037 627
140 3979 180 4038 ad
204 3998 235 4036 n.
253 3978 345 4036 3416.
389 3976 568 4052 Desjardins
585 3999 613 4037 n.
631 3979 678 4037 78.
697 4012 734 4022 -
753 3978 770 4038 2
787 3981 951 4038 nexnvnni.
969 4013 1007 4022 —
1024 3980 1041 4038 3
1063 3979 1145 4055 quod
1158 3978 1289 4038 restituit
1304 3978 1381 4038 Des-

85 4081 240 4154 jnrdinius
263 4077 453 4150 IrarutvscA‚
481 4080 629 4156 idipsum
652 4081 716 4140 dixi
739 4102 786 4140 me
808 4081 1039 4158 deprehendisse
1066 4082 1097 4140 in
1123 4080 1237 4158 lapide,
1265 4081 1317 4139 sed
1339 4082 1383 4138 ita

87 4203 155 4241 eum
178 4201 250 4242 esse
265 4191 478 4259 comparatum,
502 4193 535 4241 nt
555 4184 649 4242 fuisse
670 4186 801 4260 potnerit
817 4185 1025 4258 Trannivsca,
1046 4183 1138 4260 idque
1154 4201 1256 4242 verum
1272 4193 1326 4242 est.
1343 4214 1381 4226 -

88 4287 106 4342 t
128 4301 176 4345 νο
200 4285 306 4363 potins
327 4303 418 4362 quam
439 4301 485 4344 vs.
503 4287 577 4344 -5
599 4286 712 4345 ineerta
733 4297 848 4346 tantum
870 4286 1036 4346 litterarum
1059 4285 1186 4364 vestigia
1206 4285 1305 4344 habet.

52 4533 117 4594 628
140 4537 181 4594 ad
206 4557 238 4596 n.
256 4535 346 4595 3418.
391 4535 570 4612 Desjsrdins
586 4557 615 4595 n.
632 4536 649 4596 2
665 4555 730 4595 cnm
747 4537 904 4597 adseveret
916 4536 947 4595 in
962 4537 1021 4596 fine
1042 4555 1109 4597 esse
1123 4538 1153 4598 in
1169 4547 1273 4615 ectypo
1288 4552 1321 4595 en
1338 4553 1381 4609 re,

87 4657 217 4713 qnsrnm
241 4649 377 4696 notarum
400 4638 507 4698 deinde
529 4636 581 4696 dat
602 4640 876 4716 interpretationem
899 4641 1071 4713 absurdam,
1094 4658 1149 4718 ego
1171 4639 1238 4699 dieo
1260 4640 1379 4718 inipso

91 4739 193 4818 lapide
210 4757 290 4812 esse,
312 4741 393 4817 quod
407 4741 493 4818 posui
511 4741 593 4813 olim,
616 4757 641 4798 rr
656 4758 703 4814 un,
726 4741 802 4800 mule
818 4743 960 4820 seriptum
983 4743 1097 4802 scilicet
1114 4760 1169 4819 pro
1192 4760 1229 4801 nn
1244 4756 1289 4800 ex.
1335 4741 1381 4802 De

90 4843 227 4902 secunda
240 4842 341 4901 littera
356 4861 425 4902 num
447 4843 486 4903 sit
508 4861 516 4902 1
532 4852 585 4902 aut
599 4860 625 4916 a,
647 4844 777 4903 fortasse
792 4844 920 4904 dubitari
940 4853 1050 4922 potest,
1072 4845 1156 4904 nullo
1170 4845 1261 4904 modo
1283 4854 1380 4906 autem

88 4944 124 5005 de
148 4953 271 5023 quarta.

51 5173 117 5233 629
141 5176 181 5234 sd
199 5195 229 5234 n.
243 5173 334 5234 3422.
379 5177 558 5252 Desjardins
574 5199 603 5237 n.
616 5179 665 5238 83.
680 5212 718 5222 -
730 5179 767 5237 In
783 5179 906 5238 sinistra
920 5179 1047 5239 intuenti
1063 5179 1195 5240 cernitur
1210 5198 1325 5239 nreens.
1342 5211 1380 5224 -

88 5275 105 5334 3
127 5286 233 5354 potest
255 5277 349 5336 inisse
372 5291 494 5354 nessei,
516 5280 646 5339 cernitur
668 5288 699 5340 ut
721 5280 799 5340 edidi
821 5297 918 5342 uessn.

1112 5383 1176 5445 25·
