3580 5938
525 537 682 598 Qvnusu.
702 537 921 588 onounrou.
941 539 966 588 1.
1362 518 1409 588 29

88 711 194 770 nullum
217 730 344 788 uuquam
368 711 538 788 exemplum
560 711 695 788 repperi3
718 710 882 768 Turannius
905 718 949 766 ter
970 709 1114 784 scriptum
1137 718 1184 768 est
1205 710 1236 768 in
1258 710 1344 768 titulo
1367 729 1414 767 ur·

87 813 159 871 bano
181 813 258 890 upnd
273 813 460 873 Fabrettium
482 832 511 890 p.
528 812 599 884 386,
616 811 675 872 227
698 812 828 888 itemque
850 812 881 869 in
903 811 989 870 titulo
1012 812 1193 870 christianae
1209 811 1315 870 aetatis
1331 811 1412 890 apud

87 916 205 974 eundem
226 937 256 994 p.
271 915 344 989 386,
360 915 431 988 324,
457 915 605 973 Turannia
625 915 672 974 bic
695 915 774 993 apud
795 915 992 972 Muratorium
1014 932 1044 990 p.
1063 913 1186 984 1282,6
1209 915 1241 973 in
1262 913 1351 972 titulo
1374 932 1412 972 ex

88 1017 197 1076 schedis
213 1005 354 1078 Aecursii
376 1019 545 1094 desumpto,
568 1036 645 1095 qnae
667 1017 763 1075 bonae
785 1015 853 1075 fidei
877 1023 956 1074 sunt.
993 1013 1054 1076 Sed
1076 1024 1177 1092 potest
1197 1018 1229 1074 in
1251 1017 1299 1074 his
1313 1035 1413 1076 exem-

87 1121 141 1196 plis
162 1131 213 1179 aut
234 1130 364 1180 erratum
386 1139 455 1179 essa
476 1139 495 1178 a
515 1119 655 1198 lapicidis
676 1119 948 1196 descriptoribusve
970 1127 1023 1176 aut
1040 1118 1206 1177 derivatum
1222 1136 1290 1178 esse
1305 1138 1413 1178 nomen

89 1241 148 1280 cnm
172 1242 266 1300 pravo
293 1223 447 1282 doctrinae
474 1221 575 1280 studio
602 1241 621 1280 a
646 1211 778 1305 τύραννοι·
800 1219 917 1281 Graeco
943 1219 1102 1280 vocabulo.
1146 1218 1297 1298 Compara
1316 1221 1413 1280 Verrii

89 1323 182 1383 Flacci
209 1324 440 1402 explicationem
468 1344 486 1382 s
507 1324 600 1384 Festo
626 1344 656 1402 p.
673 1323 743 1395 355,
762 1323 798 1382 15
827 1335 991 1383 servatam:
1024 1323 1173 1382 Turannos
1195 1323 1333 1382 Etruscus
1359 1343 1413 1401 cp-

88 1427 184 1502 pelluri
205 1429 302 1487 solitos
325 1433 366 1487 ait
384 1428 501 1488 Verrius
524 1446 543 1484 a
561 1427 706 1486 sarriano
729 1427 799 1485 duce
817 1423 978 1502 Lydorum,
1001 1445 1019 1484 a
1041 1429 1121 1484 cuius
1142 1429 1233 1501 aenas
1252 1430 1412 1504 praecipua

91 1531 245 1590 crudelitate
267 1533 352 1590 etiam
374 1541 511 1608 tyrannos
534 1527 673 1605 dictcs1).

160 1633 327 1692 Adiectivis
355 1632 534 1691 iormationc
560 1630 696 1707 aequalis
723 1640 771 1689 est
795 1631 941 1689 similisve
963 1647 1072 1706 magna
1092 1627 1302 1706 cognominum
1325 1648 1411 1708 pars3

89 1751 173 1810 usqne
200 1734 308 1794 desunt
333 1735 514 1811 cognomina
539 1733 570 1792 in
592 1751 665 1792 anus
687 1733 825 1791 formata.
867 1733 974 1808 Itaque
1001 1733 1038 1790 de
1058 1732 1228 1792 nominibus
1251 1732 1412 1811 gentiliciis

88 1835 114 1894 in
131 1855 203 1895 anus
228 1838 403 1914 quaesituro
430 1845 491 1895 tam
519 1835 697 1912 cognomina
721 1833 752 1892 in
774 1853 849 1893 unus
875 1853 965 1912 qnam
987 1835 1138 1914 gentilicia
1158 1836 1189 1892 in
1212 1838 1296 1895 anius
1318 1836 1413 1914 respi-

89 1937 184 1998 cienda
209 1947 287 1999 sunt.
331 1937 402 1998 Non
428 1939 495 1996 dico
521 1939 552 1996 in
575 1941 659 1996 caius
681 1937 835 2015 gentilicia
857 1936 990 1995 derivata
1012 1954 1080 1996 esse
1103 1937 1205 1996 omniu
1226 1957 1264 1996 ex
1287 1937 1412 1996 nomini-

89 2041 137 2100 bus
161 2051 211 2101 ant
236 2041 465 2118 cognominibus
492 2041 524 2098 in
550 2058 637 2111 anus3
668 2038 721 2098 sed
746 2039 870 2098 redeunt
895 2039 927 2098 in
954 2057 1015 2098 uno
1042 2057 1161 2116 quoqne
1183 2040 1272 2098 trium
1293 2040 1412 2098 illorum

89 2161 217 2218 genuum
243 2145 361 2203 radicas
388 2143 509 2202 easdem
537 2143 699 2201 similesne.
745 2139 820 2200 Cum
843 2159 915 2200 vero
939 2160 994 2216 per
1015 2159 1047 2199 se
1069 2141 1223 2216 probabile
1245 2141 1336 2200 sitin
1359 2161 1412 2201 no·

89 2247 208 2306 minibus
235 2247 374 2306 similiter
400 2255 490 2322 atque
519 2247 550 2304 in
578 2242 770 2322 appellativis
799 2261 837 2302 an
866 2242 1010 2302 suffixum
1039 2243 1183 2320 originem
1210 2242 1349 2314 localem,
1378 2253 1412 2302 ut

89 2347 207 2408 brev-iter
228 2349 336 2420 dicam,
358 2348 519 2419 indicasse,
542 2365 578 2406 ea
600 2355 716 2404 tantum
738 2365 776 2402 ex
798 2344 1025 2421 cognominibus
1047 2345 1078 2403 in
1099 2364 1173 2404 anus
1195 2345 1412 2422 gentiliciisque

87 2450 213 2510 inanius
238 2451 287 2510 hic
308 2451 523 2522 considerabo,
549 2468 626 2526 quae
647 2455 728 2508 certo
750 2446 984 2525 probabiliterve
1006 2447 1045 2505 ad
1067 2447 1131 2506 eins
1154 2449 1273 2524 generis
1294 2447 1412 2507 radices

88 2563 203 2628 possunt
222 2551 336 2612 referri.

161 2655 253 2715 Aliud
274 2655 354 2714 enim
377 2663 534 2732 practerea
554 2661 638 2714 extat
659 2653 868 2732 cognominum
890 2652 1031 2728 frequens
1047 2651 1300 2711 adiectivorumve
1315 2669 1411 2728 genus

90 2755 163 2829 (nam
189 2768 346 2834 utrumque
373 2758 471 2817 dicere
497 2756 614 2835 possis)
642 2757 673 2815 in
700 2774 772 2814 unus
799 2755 1009 2827 formatorum,
1037 2772 1114 2830 quae
1141 2753 1286 2830 originem
1307 2771 1366 2812 non
1395 2774 1413 2812 a

88 2857 168 2930 locis,
192 2860 244 2920 sed
270 2860 310 2919 ab
336 2859 506 2920 hominibus
533 2867 698 2918 traxerunt.
743 2856 803 2930 Qui
830 2877 868 2916 ex
894 2875 950 2915 sua
975 2867 1061 2933 gente
1088 2874 1142 2931 per
1168 2855 1359 2934 adoptionem
1381 2857 1412 2915 in

90 2961 168 3019 sliam
188 2963 379 3034 transierunt,
402 2980 454 3022 cos
474 2962 584 3040 prioris
606 2960 704 3040 gentis
726 2959 939 3019 indicationem
962 2959 1130 3018 servavisse
1151 2967 1254 3018 notum
1277 2966 1324 3018 est
1342 2975 1412 3034 cog·

91 3063 246 3124 nominibus
268 3083 309 3124 ex
330 3065 429 3142 gentis
451 3064 611 3140 primariae
632 3063 751 3121 nomine
773 3082 827 3140 per
846 3080 920 3120 anus
935 3061 1075 3120 suffixum
1090 3060 1242 3133 formatis3
1265 3071 1298 3121 ut
1312 3060 1413 3120 Paulli

90 3166 200 3225 Aemilii
224 3167 307 3226 filius
334 3167 431 3226 dictus
458 3173 504 3225 est
527 3163 629 3242 Scipio
651 3165 848 3224 Aemilianus.
892 3163 961 3222 Hoc
982 3173 1083 3222 utrum
1104 3164 1274 3222 necessario
1295 3181 1413 3240 semper

90 3267 127 3324 in
145 3268 308 3328 institutum
328 3268 421 3330 fuerit
442 3287 535 3328 necne
556 3268 605 3326 hic
627 3285 687 3326 non
709 3286 794 3340 cnro;
823 3273 936 3325 certum
958 3273 1056 3324 sutem
1080 3275 1126 3325 est
1147 3265 1326 3342 cognomina
1346 3265 1411 3324 eius

92 3372 194 3444 generis
215 3372 354 3430 extitime
376 3389 435 3430 non
457 3389 562 3446 pauca,
584 3380 615 3429 et
636 3369 674 3442 ab
695 3372 762 3430 eius
782 3370 895 3429 formae
913 3368 1141 3446 cognominibus
1157 3368 1246 3426 etiam
1261 3367 1413 3446 gentilicia

91 3470 198 3530 formari
221 3473 358 3551 potuisse
384 3475 415 3533 in
441 3476 535 3532 anius.
578 3471 721 3532 Pariliter
743 3473 822 3532 servi
844 3471 957 3548 publici
980 3469 1032 3546 (nt
1053 3471 1296 3529 Mommsenus
1319 3488 1411 3546 expo·

94 3575 227 3646 tuition
243 3575 454 3636 Stautsrcclul
479 3593 509 3652 p.
527 3572 602 3650 252)
625 3574 764 3651 servique
785 3573 938 3646 nobilium,
961 3573 1057 3649 quiin
1073 3571 1162 3631 aliam
1179 3573 1299 3631 domum
1313 3579 1412 3631 trans·

93 3673 176 3734 ierunt
195 3679 359 3738 hereditate
374 3677 422 3738 vcl
437 3677 497 3735 alio
511 3677 603 3735 modo
625 3676 673 3753 (ut
693 3687 786 3755 emptu
803 3675 1014 3736 &macianus
1028 3675 1081 3734 ille
1101 3672 1135 3734 C.
1152 3671 1411 3750 1.L.11‚2641),
1445 3731 1447 3734 .

93 3777 187 3850 prioris
211 3779 324 3840 domiui
351 3799 459 3838 nomen
487 3788 684 3838 servaverunt
710 3778 819 3838 additis
845 3779 1001 3837 adiectivis
1027 3778 1059 3836 in
1081 3795 1154 3836 anns
1175 3776 1312 3835 formatis
1339 3774 1414 3853 (qua

93 3877 123 3936 de
141 3901 169 3941 re
183 3883 387 3942 Mommsenus
409 3881 487 3940 dixit
501 3879 667 3940 Harmaei
689 3898 720 3957 p.
737 3879 795 3940 157
803 3881 854 3958 s).
892 3879 943 3942 Sic
963 3897 1067 3939 servos
1088 3880 1252 3938 libertosve
1274 3879 1411 3937 novimus

94 3981 219 4044 damnas
237 3984 440 4062 Api-ippsanas
459 3983 617 4044 Galbianos
635 3982 870 4044 Maecenatianos
886 3983 1052 4043 Drusianus
1075 3981 1311 4042 Germaniciaaos
1330 3980 1411 4038 Dru·

93 4083 209 4146 cillianus
232 4087 464 4147 Claudianianos
485 4084 690 4145 Pallantianos
711 4083 951 4163 Poppaeanosi).
995 4085 1155 4144 Postremo
1184 4083 1339 4144 sollemnis
1365 4090 1413 4140 est

94 4203 154 4246 oure
172 4190 339 4250 terminatio
361 4190 392 4248 in
414 4206 554 4266 agrorum
576 4206 749 4266 camporum
764 4188 922 4247 fundorum
937 4190 1090 4248 hortorum
1105 4183 1297 4264 praediorum
1311 4184 1411 4242 vinea-

93 4307 145 4347 rum
166 4292 300 4352 villarum
321 4292 504 4352 rusticarum
525 4291 697 4350 nominibus
719 4309 739 4348 a
759 4291 890 4350 dominis
909 4290 1067 4359 derivatis;
1088 4295 1207 4365 praeter
1221 4288 1340 4347 tabulas
1355 4286 1411 4345 ali-

94 4395 247 4469 mentarias,
268 4413 345 4472 quas
365 4395 521 4467 habemus,
542 4393 720 4452 Mommseni
742 4393 781 4451 ad
802 4392 1012 4469 inscriptiones
1033 4390 1251 4468 Neapolitanas
1274 4388 1318 4466 (p.
1334 4387 1410 4464 463)

93 4501 118 4548 et
140 4493 266 4558 Henceni
302 4497 341 4555 ad
374 4496 516 4574 syllogen
544 4494 727 4556 Orellianam
760 4493 807 4570 (p.
831 4493 889 4572 22)
923 4493 1036 4553 indices
1068 4493 1164 4552 multa
1194 4493 1260 4550 eius
1291 4491 1410 4569 generis

96 4599 218 4675 exempla
236 4602 390 4678 praebent.

166 4698 243 4761 Haec
270 4704 307 4762 de
335 4702 447 4780 quibus
474 4701 579 4760 ultimo
609 4701 675 4760 loco
704 4700 768 4759 dixi
795 4717 907 4777 genera
931 4698 964 4757 id
992 4715 1149 4758 commune
1175 4696 1301 4768 habeut,
1330 4694 1411 4772 quod

101 4815 155 4858 tum
177 4821 195 4860 a
217 4805 386 4864 nominibus
412 4803 571 4882 gentiliciis
599 4803 631 4862 in
657 4806 703 4862 ius
729 4801 896 4862 terminatis
923 4801 1058 4861 derivata
1080 4801 1141 4860 sint
1161 4799 1250 4876 longe
1270 4797 1409 4876 plurima,

107 4939 283 4958 Ἢ

167 5045 188 5110 ¹)
211 5049 249 5101 De
261 5051 387 5104 Oscorum
406 5013 568 5104 dekaaamlis
586 5054 614 5103 in
632 5051 788 5102 Mommscni
807 5050 868 5100 dial.
888 5051 922 5101 It.
941 5049 988 5100 ini.
1008 5065 1032 5114 p.
1048 5049 1100 5098 225
1121 5048 1230 5099 fortasse
1250 5046 1324 5097 aliter
1342 5044 1409 5096 iudi-

112 5137 210 5190 actm.

176 5227 198 5292 ’i
220 5233 257 5285 ct
274 5235 351 5289 orem
370 5237 484 5290 assiu.
503 5238 612 5289 uenies
631 5237 713 5288 cass.
732 5237 813 5288 sacr.
