3580 5938
382 531 391 540 ’
499 556 656 618 stusn.
678 556 894 609 ouonsron.
913 559 938 608 1.
1336 539 1382 610 33

382 730 529 805 guendaru
557 731 727 808 opinionem
749 731 880 809 aliquam
909 732 945 790 ab
968 730 1006 790 0.
1029 731 1150 790 Haubio
1172 752 1266 810 nuper
1286 733 1385 810 prola-

382 842 442 891 tam
465 833 496 891 in
517 832 729 893 dissertatione
751 835 788 894 de
810 834 991 894 carminibus
1014 834 1107 911 epicis
1126 835 1239 894 saeculi
1253 835 1387 914 Augusti

381 934 558 1010 (Vratislav.
578 935 672 1012 1870)
687 954 717 1013 p.
733 937 781 1009 lt,
799 937 914 996 scilicet
929 954 1035 996 versus
1050 937 1156 996 Albini
1170 947 1277 1014 poetae
1291 939 1386 1014 ignoti

380 1055 419 1095 ex
446 1057 546 1098 rerum
573 1037 776 1098 Romanarum
804 1039 918 1116 primo,
949 1056 1024 1115 quos
1050 1038 1227 1098 Priscianus
1255 1039 1388 1100 servavit

381 1139 425 1214 (7,
449 1141 484 1212 5,
508 1139 546 1198 22
573 1161 602 1218 p.
624 1142 700 1214 304,
722 1140 855 1218 2013),
883 1141 1076 1201 Albinovano
1105 1140 1279 1201 tribuendos
1307 1160 1386 1201 esse.

381 1241 500 1301 Etenim
523 1242 653 1303 Ovidius
679 1243 763 1303 solus
789 1243 820 1302 in
847 1244 977 1303 carmine
1004 1251 1123 1321 poetam
1146 1245 1212 1303 solo
1234 1245 1387 1322 gentilicio

382 1344 525 1423 appellat;
548 1356 705 1424 praeterea
725 1365 796 1405 vero
817 1347 929 1424 ubique
951 1355 1002 1404 aut
1023 1355 1182 1424 utrumque
1198 1348 1321 1424 ponitur
1334 1366 1386 1405 no-

381 1465 464 1520 men,
490 1449 673 1526 gentilicium
696 1457 726 1507 et
746 1466 925 1527 cognomen,
953 1459 1005 1508 aut
1027 1467 1191 1526 cognomen
1214 1449 1326 1524 solum,
1355 1459 1389 1509 ut

382 1568 455 1608 usus
470 1551 616 1628 postulat3
635 1551 821 1628 gentilicium
836 1552 933 1610 solum
950 1561 1105 1629 praeterea
1119 1569 1267 1628 nusquam
1283 1551 1388 1628 depre-

382 1652 529 1712 henditur.
568 1653 628 1714 Gai
650 1673 842 1731 praenomen,
864 1654 945 1732 quod
966 1655 1034 1714 inde
1057 1675 1076 1714 a
1097 1654 1252 1732 Scaligero
1272 1654 1389 1714 Pedoni

381 1756 532 1828 tribuitur,
555 1757 636 1825 omni
658 1757 717 1815 fide
739 1769 829 1816 caret.

298 1857 374 1916 Mire
392 1876 463 1918 sane
484 1858 652 1931 accidisset,
673 1860 700 1918 si
719 1859 838 1936 utrique
853 1867 958 1935 poetae
974 1877 1138 1938 cognomen
1154 1858 1267 1938 duplex
1280 1861 1389 1920 fuisset

298 1959 348 2035 (id
376 1961 455 2036 quod
485 1974 657 2039 quanquam
682 1961 833 2045 intertium
859 1962 919 2020 iam
946 1964 1095 2038 reperitur
1122 1981 1157 2022 eo
1183 1972 1332 2040 tempore,
1359 1981 1387 2022 v.

299 2061 516 2123 Mommsenum
531 2062 696 2122 Hermae2
719 2083 748 2140 p.
767 2063 869 2138 158³,
891 2071 991 2123 tamen
1012 2065 1200 2126 rarissimum
1223 2064 1293 2141 est),
1317 2082 1388 2141 geu·

299 2164 350 2222 tile
373 2174 470 2224 autem
493 2167 648 2243 utriusque
670 2167 847 2226 obrueretur
869 2167 1028 2227 oblivione.
1068 2165 1183 2228 Contra
1204 2167 1302 2240 ambo,
1325 2176 1385 2225 tam

299 2265 409 2326 Celsus
425 2287 514 2344 quam
526 2268 619 2340 Pedo,
631 2268 839 2328 Albinovanae
854 2269 934 2345 genti
947 2270 1068 2328 omnino
1080 2267 1281 2328 adscribendi.
1304 2267 1388 2328 Num

299 2368 406 2429 iratres
428 2371 541 2429 fuerint
562 2389 600 2430 an
622 2380 707 2448 pater
728 2379 759 2430 et
779 2371 861 2429 filius
884 2371 1043 2430 diiudicari
1064 2373 1182 2448 nequit3
1205 2371 1259 2432 sed
1274 2381 1387 2431 utrum-

298 2490 357 2548 que
384 2471 449 2531 fieri
476 2474 582 2548 potuit.
625 2472 787 2532 Parentela
811 2472 914 2549 aliqua
935 2491 987 2532 eos
1010 2474 1103 2534 luisse
1125 2473 1299 2533 coniunctos
1322 2493 1387 2550 per-

299 2592 386 2651 quam
410 2575 568 2651 probabile
589 2583 643 2634 cst.

298 2675 332 2733 P.
352 2676 550 2736 Albinouanus
573 2678 647 2737 nihil
669 2678 797 2756 amplius
820 2678 963 2755 scriptum
985 2678 1092 2738 litteris
1114 2679 1202 2738 bonis
1224 2679 1334 2756 legitur
1355 2679 1386 2737 in

383 2779 471 2839 titulo
494 2780 590 2838 musei
605 2780 743 2840 Vaticani
766 2779 863 2857 (Gall.
886 2781 947 2857 lap.
968 2780 1073 2840 incert.
1095 2781 1137 2857 I),
1159 2800 1246 2859 quem
1269 2779 1388 2840 Henze·

383 2900 440 2940 nus
463 2882 545 2942 vidit
578 2882 615 2941 In
638 2883 732 2941 titulis
753 2883 821 2942 aliis
835 2883 1019 2942 Albinovani
1034 2902 1143 2942 nomen
1157 2883 1289 2942 nondum
1306 2901 1388 2942 com·

384 2984 494 3063 paruit,
517 2994 659 3062 quantum
681 2983 754 3044 scio.

300 3087 413 3159 Locus,
427 3088 530 3168 siquis
551 3087 608 3146 fuit
630 3087 761 3160 omnino,
785 3088 862 3147 unde
884 3106 992 3146 nomen
1011 3088 1156 3166 originem
1172 3087 1267 3159 duxit,
1288 3094 1389 3163 potest

301 3190 395 3248 fuisse
417 3199 469 3250 aut
489 3189 571 3249 Alba
591 3209 670 3250 nova
692 3199 743 3248 ant
763 3190 886 3250 Albium
908 3209 1018 3249 novum
1042 3190 1105 3250 sive
1127 3190 1319 3252 Albinovium
1343 3189 1389 3264 (ut

300 3292 528 3370 Albingaunum
555 3303 585 3352 et
611 3292 884 3370 Albintemelium);
912 3293 950 3350 ab
979 3298 1105 3369 utroque
1132 3298 1212 3352 recte
1239 3292 1390 3351 derivatur

300 3394 518 3469 Albinovanus,
541 3405 574 3454 ut
594 3415 613 3454 a
634 3395 699 3454 vico
715 3394 818 3454 Tusco
832 3394 1051 3454 Tusciuicanus
1073 3412 1248 3473 cognomen,
1270 3391 1307 3451 de
1329 3411 1388 3469 quo

301 3497 417 3557 dicetur
438 3497 525 3557 inira

92 3591 225 3655 lustinus
300 3597 338 3660 L.
360 3599 492 3660 Anniani
505 3599 625 3677 Sparcti
644 3597 809 3679 Luguduni
831 3598 972 3658 Boissieu
994 3601 1179 3674 inscriptions
1201 3571 1332 3674 antiques
1355 3597 1390 3655 de
1498 3609 1520 3646 ἰ

388 3701 472 3778 Lyca
493 3723 523 3782 p.
540 3700 611 3775 528,
629 3700 697 3760 124.

92 3793 276 3862 suscitamus
305 3805 337 3864 G.
359 3805 550 3882 Apscitlouus
575 3802 608 3864 0.
631 3804 651 3863 l.
673 3803 737 3863 Ero

303 3906 334 3965 C.
358 3907 549 3984 Apscilluaue
575 3907 604 3967 G.
629 3907 648 3964 l.
670 3907 755 3984 Rufio

304 4009 334 4068 0.
359 4009 548 4087 Apeoilluaus
574 4009 603 4069 C.
628 4008 646 4066 l.
671 4007 780 4068 Suavis
915 4071 921 4086 ,

300 4110 478 4190 Apecilloao
503 4110 535 4170 C.
560 4112 579 4169 l.
603 4110 736 4170 Secunda
760 4111 860 4170 Allifis
883 4110 913 4168 in
936 4107 1060 4170 Samnio
1084 4109 1110 4167 Ι.
1124 4107 1163 4167 N.
1180 4106 1271 4166 4789.

342 4214 448 4274 Trium
469 4214 645 4274 libertorum
666 4215 789 4273 nomina
810 4214 841 4271 in
863 4213 921 4270 hoc
940 4211 1027 4271 titulo
1050 4211 1187 4288 genetivo
1210 4227 1282 4268 casu
1304 4209 1389 4266 exhi·

302 4315 418 4389 bentur,
443 4317 496 4393 qui
521 4326 623 4395 potest
648 4317 739 4374 etiam
765 4315 879 4375 formae
906 4315 937 4373 iu
959 4317 1043 4373 onius
1065 4329 1168 4385 esse3.
1185 4311 1237 4370 sed
1264 4311 1388 4370 libertas

302 4437 410 4477 nomen
432 4427 578 4496 oportune
601 4419 735 4478 additum
756 4438 819 4476 rem
841 4417 968 4476 conficit.

303 4518 375 4580 Loci
398 4539 506 4580 nomen
522 4521 662 4599 Apsoilla
684 4521 732 4580 vel
755 4496 852 4580 simile
874 4529 977 4578 uotum
998 4535 1058 4577 non
1081 4525 1141 4588 est3
1164 4515 1217 4574 sed
1231 4514 1281 4592 Ap
1301 4515 1389 4574 radix

304 4623 332 4681 in
355 4624 523 4702 Appiorum
547 4625 668 4707 norpine
691 4622 803 4684 Sabino
825 4632 914 4699 atque
936 4622 966 4678 in
988 4619 1129 4679 derivatis
1152 4617 1244 4677 ueluti
1267 4617 1389 4694 Apicius

305 4725 433 4802 Apusius
455 4726 608 4803 Apatidius
630 4724 737 4801 (Sorae
760 4723 784 4782 I.
805 4723 845 4784 N.
862 4723 942 4784 9519
966 4731 1042 4781 teste
1066 4719 1183 4792 Gudio)
1206 4727 1278 4778 nota
1299 4720 1388 4778 etiem

305 4828 332 4888 iu
348 4829 481 4887 locorum
501 4828 671 4888 nominibus
687 4826 811 4886 vetustis
827 4826 927 4903 Apina
940 4825 1081 4884 Dauniae
1100 4823 1234 4898 (Plinius
1250 4823 1267 4880 3
1285 4821 1301 4898 ξ
1316 4821 1389 4898 104)

307 4931 420 5008 Apiolia
442 4933 480 4990 ab
501 4932 588 4989 Anco
609 4932 668 4990 iam
689 4930 803 4988 eversis
827 4928 946 5005 (Livius
963 4929 990 4999 1,
1007 4927 1045 4986 95
1068 4944 1107 4984 ex
1122 4923 1246 4982 Valerio
1266 4924 1389 4982 Antiate

307 5035 464 5094 secundum
481 5033 613 5093 Plinium
630 5033 646 5092 3
670 5031 687 5109 ξ
704 5031 757 5107 70)
779 5031 908 5108 Apicilia
930 5029 1004 5106 (sita
1025 5029 1080 5086 illa
1099 5027 1176 5086 inter
1191 5024 1389 5086 Concordiam

308 5147 334 5196 et
347 5135 518 5214 Aquileiam
525 5155 534 5207 ;
555 5136 652 5194 itiner.
671 5133 874 5210 Hierosolym.
897 5152 926 5210 p.
943 5130 1003 5192 559
1017 5129 1131 5205 Wess.)
1151 5126 1388 5206 deprehenditur.

308 5239 353 5298 Ad
373 5239 582 5318 Apsoillanum
604 5236 763 5314 Apstidius
785 5235 923 5314 proxime
945 5232 1069 5294 accedit.

1145 5335 1162 5394 3
1171 5359 1177 5368 .
