3530 5932
486 1046 883 1138 SVPPLEMENTVM
921 1055 1306 1135 INSORlPTlONVM
1345 1057 1586 1136 OSOARVM.

455 1341 532 1403 Cum
554 1352 624 1419 post
638 1342 697 1402 Th.
712 1343 893 1402 Mommseni
914 1341 1023 1401 librum
1045 1341 1082 1402 de
1104 1341 1239 1402 dialectis
1256 1341 1363 1402 ltaliae
1384 1342 1536 1404 inferioris
1557 1344 1688 1422 scriptum

371 1467 432 1507 non
454 1464 550 1524 pauca
569 1446 693 1504 inventa
714 1452 743 1503 et
764 1445 917 1523 publicata
937 1445 998 1504 siut
1018 1445 1140 1522 linguae
1161 1443 1261 1504 Oscae
1281 1457 1487 1520 monuments,
1514 1447 1568 1507 sed
1589 1467 1626 1507 ea
1643 1468 1689 1526 per
1761 1469 1762 1500 i

372 1550 483 1609 multoe
505 1549 600 1607 libros
622 1547 735 1624 passim
757 1547 906 1624 dispersa,
928 1548 972 1606 ita
992 1557 1025 1606 ut
1046 1547 1170 1624 longum
1192 1548 1232 1606 eit
1254 1566 1290 1605 ea
1311 1549 1497 1625 conquirere,
1523 1549 1550 1608 si
1571 1551 1637 1627 quie
1657 1569 1689 1607 ex
1761 1573 1762 1578 ¹

371 1653 415 1711 eie
437 1651 565 1710 fructum
587 1668 709 1726 carpere
731 1648 805 1708 velit
825 1648 863 1706 ad
885 1648 985 1708 studia
1005 1649 1054 1708 vel
1078 1669 1177 1708 rerum
1198 1649 1247 1710 vel
1267 1650 1437 1728 linguarum
1458 1651 1631 1710 Italicarum
1650 1669 1689 1710 re·

375 1753 516 1824 colenda,
538 1770 598 1810 nou
620 1751 750 1810 alienum
772 1769 839 1810 esse
861 1771 879 1809 a
899 1751 1067 1810 rationibus
1089 1751 1177 1810 huius
1200 1753 1398 1830 ephemeridis
1420 1753 1552 1827 ridetur,
1581 1754 1689 1813 illarum

376 1854 605 1931 inscriptionum
628 1853 867 1932 supplementum
890 1853 938 1912 hic
959 1853 991 1912 in
1014 1864 1175 1932 conspectu
1196 1873 1316 1932 ponere,
1329 1851 1381 1914 'ita
1395 1865 1429 1915 ut
1442 1857 1566 1916 uomina
1584 1875 1618 1915 ec
1632 1854 1690 1915 libri

376 1958 507 2017 virorum
522 1955 677 2015 doctorum
692 1965 843 2029 notentur,
866 1956 918 2033 qui
941 1973 992 2015 eas
1008 1965 1060 2014 aut
1073 1955 1240 2031 descriptae
1255 1957 1421 2030 ediderunt,
1442 1967 1495 2016 aut
1516 1959 1593 2017 scite
1613 1960 1690 2018 iuter·

372 2060 481 2139 pretati
503 2069 587 2131 eunt,
614 2069 646 2117 et
666 2059 758 2117 verba
779 2056 862 2118 Osca
883 2075 984 2116 earum
1006 2056 1117 2116 Latino
1140 2076 1296 2132 sermone,
1325 2069 1468 2137 quantum
1489 2062 1556 2121 fieri
1582 2063 1690 2140 poterit,
1762 2095 1763 2132 r

371 2169 510 2222 enarrata
542 2160 784 2220 annotationibus
817 2159 995 2237 quibusdem
1028 2161 1152 2220 subinde
1194 2160 1319 2220 adiectis
1352 2169 1494 2239 tanquam
1524 2164 1691 2222 brevissimo

372 2262 619 2324 commentariolo
648 2263 836 2340 explicentur
857 2269 888 2320 et
908 2262 1105 2322 illustrentur.
1148 2265 1250 2342 Atque
1277 2265 1307 2322 in
1333 2264 1391 2323 hac
1417 2265 1583 2342 scriptione
1609 2265 1689 2324 semel

371 2369 483 2426 dictum
505 2366 590 2437 rolo,
618 2383 665 2423 me
692 2364 781 2440 plane
808 2365 990 2424 abstinuisse
1015 2383 1034 2424 a
1055 2365 1234 2424 coniecturis
1260 2385 1364 2425 eorum
1389 2367 1622 2446 persequendis,
1647 2366 1690 2444 qui

372 2488 452 2528 nunc
474 2485 593 2544 quoque
616 2474 723 2544 putant
744 2466 802 2526 sibi
823 2467 924 2539 licere,
946 2468 983 2526 de
1004 2466 1054 2526 hie
1075 2467 1196 2544 linguae
1218 2467 1317 2529 Oscae
1339 2471 1540 2530 monumentis
1563 2471 1690 2540 scribere,

372 2570 518 2648 quidquid
541 2568 599 2628 sibi
622 2569 722 2628 animo
743 2569 869 2648 fingunt,
891 2568 967 2626 nihil
988 2579 1126 2627 curantes
1149 2577 1200 2629 aut
1221 2571 1265 2629 rei
1287 2571 1496 2650 epigraphicae
1512 2571 1689 2650 disciplinam

372 2681 424 2733 aut
445 2672 615 2750 linguarum
629 2672 804 2730 Italicarum
826 2670 1034 2749 coguitionem.
1067 2670 1116 2728 De
1137 2672 1379 2749 inscriptionibus
1395 2675 1487 2752 igitur
1501 2673 1602 2746 Oscis,
1623 2692 1690 2750 quae

371 2782 442 2854 poet
462 2774 643 2833 Mommseni
665 2774 772 2833 librum
794 2774 826 2832 in
847 2772 944 2832 lucem
967 2771 1155 2848 prodierunt,
1182 2774 1225 2833 ita
1246 2793 1333 2852 agam
1361 2775 1417 2835 bac
1439 2777 1690 2844 commentatione,

371 2887 404 2935 ut
425 2877 559 2935 ordinem
580 2876 737 2953 regionum
759 2874 954 2952 locorumque
969 2893 1087 2951 sequar,
1110 2877 1161 2934 ubi
1181 2876 1319 2935 inventae
1335 2877 1406 2951 sint,
1428 2878 1614 2957 singulorum
1630 2897 1690 2935 vero

370 2981 505 3038 locorum
535 2978 639 3037 titulos
669 2977 830 3037 secundum
858 2994 970 3054 genera
995 2995 1099 3036 eornm
1125 2977 1290 3055 dispositos
1323 2979 1355 3038 in
1382 2980 1513 3040 medinm
1540 2981 1688 3059 proferam,

370 3081 550 3157 ubicumque
571 3099 607 3140 ea
628 3087 748 3139 exstare
770 3079 917 3140 videntur.

821 3364 1053 3426 CAMPANIA.
1097 3365 1248 3427 canA.

372 3527 400 3586 1.
443 3526 571 3586 Lamina
597 3505 740 3600 plumbea
760 3523 920 3582 convoluta
941 3542 1009 3583 cum
1032 3525 1118 3585 titulo
1139 3526 1331 3587 dextrorsum
1354 3527 1480 3605 scripto,
1505 3529 1539 3588 in
1562 3530 1690 3608 sepulcro

416 3627 518 3705 oppidi
540 3627 573 3686 S.
589 3627 693 3684 Maria
715 3627 745 3684 di
768 3625 870 3701 Capua
891 3645 970 3684 auno
994 3627 1073 3688 1857
1096 3647 1115 3686 a
1137 3626 1278 3688 Simnsaco
1300 3631 1398 3690 Dorio
1424 3632 1549 3691 iuventa
1577 3643 1607 3690 et
1631 3649 1690 3689 evo

414 3731 487 3803 luta,
509 3748 588 3787 nuuc
608 3729 641 3786 iu
663 3745 766 3786 museo
787 3727 1003 3805 Neapolitano:

526 3862 632 3963 step]
658 3863 761 3937 lulum
776 3921 783 3936 .
800 3862 920 3938 virriis

526 3996 563 4060 tr
614 3984 802 4085 stl(?)aplu
818 4043 826 4058 .
841 3985 974 4060 virriiis

525 4106 576 4206 pl.
630 4106 703 4182 asie
719 4164 726 4179 .
743 4105 884 4180 bivellis

525 4226 647 4328 uppiis
664 4289 671 4304 .
687 4225 890 4328 hellcvi[i]s

526 4348 660 4423 luvikis
687 4347 833 4424 dhtavis

527 4470 646 4546 statiis
663 4529 670 4544 .
685 4471 823 4570 gaaviis
839 4525 848 4544 .
863 4497 935 4572 nep
961 4473 1093 4547 fatlum
1109 4527 1118 4546 .
1133 4499 1205 4575 nep
1222 4532 1229 4549 .
1246 4476 1393 4553 delkum
1409 4535 1416 4552 .
1431 4485 1585 4580 putlaps

525 4646 647 4721 luvkis
661 4705 669 4720 .
684 4645 831 4722 dhtavis
847 4702 855 4720 .
870 4647 1056 4724 nnivellum
1082 4651 1227 4759 velliam

527 4794 598 4869 nep
613 4821 622 4840 .
638 4766 786 4842 delkum
813 4793 883 4869 nep
900 4827 907 4842 .
923 4769 1054 4845 latium
1079 4774 1208 4872 ptitlad

527 4914 599 4990 nep
616 4947 624 4962 .
640 4889 813 4991 memuim
829 4945 838 4962 .
854 4917 924 4991 nep
941 4949 949 4964 .
965 4892 1065 4967 illam
1080 4952 1088 4969 .
1104 4894 1184 4970 sifei
1199 4953 1207 4969 .
1222 4895 1420 5000 heriiad1).

452 5095 475 5159 ¹)
503 5098 609 5148 Punctis
627 5099 778 5166 subscriptis
797 5102 883 5152 notavi
902 5101 1014 5167 litteras,
1040 5106 1186 5171 quecquid
1206 5108 1489 5175 significentepparet,
1517 5109 1688 5174 stabulique

374 5195 449 5254 parte
467 5191 598 5243 mediatae
617 5199 684 5244 eunt.
