3530 5932
511 511 586 562 nux
604 511 685 562 con.
707 511 936 562 orusrrusn.
1321 491 1389 560 127

74 693 161 746 artem
182 705 275 763 supra
295 685 419 744 multam
442 685 567 762 pignera
586 684 720 756 verbera,
742 694 816 763 puta
837 685 944 761 capitis
967 684 1015 743 vel
1038 683 1253 760 ignominiosae
1275 685 1392 744 missio-

74 789 116 848 nis
138 790 183 848 ius
210 790 237 848 ei
263 807 324 848 noo
351 794 406 847 est.
449 787 535 846 Haec
560 786 733 846 constitutio
756 797 856 846 utrum
878 786 917 845 ad
938 788 1094 846 universas
1115 786 1180 846 eius
1201 787 1309 846 aetatis
1331 788 1393 846 Ro·
1464 817 1468 828 =

72 911 166 952 nanae
192 891 304 950 formae
330 907 379 950 res
406 890 541 966 publicas
568 890 737 967 perveniat,
764 907 804 949 an
829 899 952 968 propter
979 889 1182 948 condicionem
1211 889 1393 966 peculiarem

73 995 166 1072 oppidi
188 993 300 1052 conditi
321 993 353 1051 in
374 994 474 1053 media
487 993 635 1067 Hispania
655 993 798 1052 ulteriore
819 993 974 1069 provincia
996 1010 1101 1070 parum
1117 993 1271 1050 etiamtum
1287 1001 1394 1069 pacata

71 1106 180 1174 recepta
201 1097 251 1168 sit,
274 1097 466 1155 determinari
488 1114 548 1152 non
569 1104 682 1170 potest3
706 1094 759 1152 sed
773 1095 829 1154 etsi
844 1096 902 1154 hoc
916 1095 1081 1171 praeferas,
1103 1104 1181 1154 certe
1196 1112 1274 1170 quac
1289 1094 1393 1154 eodem

72 1201 131 1257 loco
155 1209 256 1258 essent
281 1198 415 1258 colonias
443 1197 664 1275 municipiaque
689 1197 911 1274 provinciarum
937 1198 1168 1276 longinquarum
1190 1215 1225 1256 eo
1247 1197 1311 1256 iure
1332 1215 1393 1256 non

72 1303 157 1380 megs
177 1303 311 1361 caruisse
332 1307 565 1360 consentaneum
587 1305 643 1359 est.

144 1403 241 1464 Etiam
267 1404 304 1463 de
326 1404 490 1462 munitione
512 1421 588 1480 quae
610 1411 754 1462 caventur
775 1421 800 1460 c.
816 1400 956 1461 XCVIII
978 1401 1030 1478 (3,
1052 1401 1204 1478 23-36)
1226 1411 1286 1462 tam
1308 1404 1392 1462 novi·
1410 1416 1522 1468 Munitio

71 1517 123 1566 tate
143 1526 197 1566 sna
217 1525 307 1584 quam
328 1505 483 1584 primitiva
496 1512 645 1566 vetustate
666 1506 921 1565 commendantur.
959 1504 1061 1580 Opera
1079 1504 1198 1582 publica
1212 1523 1277 1562 com
1292 1513 1391 1581 poste-

71 1611 140 1668 riore
165 1617 299 1687 tempore
325 1609 539 1686 perficerentur
564 1608 627 1667 fere
649 1628 703 1686 per
724 1607 944 1683 redemptores,
971 1605 1183 1683 antiquissima
1209 1609 1392 1667 consuetudo

71 1711 231 1791 quaeipsis
254 1711 337 1770 urbis
356 1711 515 1770 moenibus
537 1729 645 1769 nomen
668 1709 759 1781 dedit,
781 1727 940 1787 operarum
963 1716 1024 1768 tam
1045 1710 1198 1768 hominum
1220 1728 1309 1787 quam
1328 1711 1390 1770 ani-

72 1815 180 1872 malium
207 1815 247 1872 ab
272 1814 348 1890 ipsis
377 1813 491 1872 civibus
517 1813 730 1890 exigendarum
753 1813 796 1871 ita
817 1811 989 1870 oblitterata
1010 1818 1069 1882 est,
1097 1819 1130 1868 ut
1151 1811 1231 1887 apud
1253 1823 1390 1872 auctores

72 1935 137 1991 qnos
157 1917 301 1976 habemus
324 1917 417 1976 exilia
438 1925 551 1976 tantum
574 1917 638 1974 eius
662 1915 789 1992 vestigia
810 1913 1078 1989 deprehendantur,
1100 1913 1231 1972 maxime
1254 1915 1305 1974 ubi
1327 1917 1391 1992 sgi-

72 2019 240 2078 tordaria
265 2015 477 2096 munienda¹).
522 2017 690 2080 Secundum
713 2018 790 2076 hanc
811 2016 908 2092 legem
930 2033 978 2075 res
1000 2017 1044 2074 ita
1064 2016 1228 2088 ordinatur,
1251 2025 1283 2075 ut
1304 2018 1389 2076 decu·

73 2121 174 2180 rionum
196 2123 237 2179 sit
258 2122 418 2182 decernere
439 2121 476 2179 de
498 2120 673 2192 muniend03
701 2121 744 2178 ita
765 2120 843 2176 enim
866 2118 916 2177 lex
938 2119 1070 2196 loquitur
1091 2125 1210 2177 vetusto
1232 2138 1329 2191 more,
1356 2127 1391 2177 ut

72 2225 156 2301 ipsum
183 2242 259 2300 opus
287 2243 325 2282 ne
353 2226 502 2296 enuntiet,
530 2223 622 2282 immo
649 2222 865 2299 complectatur
890 2238 1093 2297 quascumque
1118 2238 1226 2298 operas
1256 2221 1390 2282 homines

72 2327 291 2402 qualescumque
316 2327 495 2385 animalisve
522 2325 619 2384 lacere
645 2325 778 2402 possiet,
806 2323 870 2382 sive
897 2323 934 2380 dc
954 2323 1005 2381 via
1025 2323 1186 2384 sternenda
1207 2324 1305 2402 agitur
1326 2324 1391 2383 sire

73 2429 102 2486 de
121 2429 274 2487 moenibus
295 2428 440 2487 faciendis
461 2429 524 2486 sive
546 2428 583 2486 de
605 2427 740 2486 aedificio
762 2426 865 2503 aliquo
879 2425 1055 2484 extruendo.
1092 2425 1268 2485 Indicantur
1282 2444 1391 2504 operae

72 2531 247 2606 patrimoniis
275 2532 313 2590 ad
335 2530 508 2606 exemplum
530 2549 686 2589 munerum
708 2547 825 2600 eorum,
852 2546 943 2605 quae,
970 2537 1005 2586 ut
1026 2529 1068 2587 ait
1088 2528 1163 2588 iuris
1186 2525 1343 2605 auctorl),
1366 2540 1393 2588 et

73 2635 96 2690 n·
117 2637 164 2711 qui
189 2653 279 2710 neque
303 2637 459 2710 municipes
486 2652 574 2709 neque
600 2635 710 2691 incolae
735 2643 802 2691 sunt
821 2633 993 2708 adpnoscere
1015 2641 1167 2707 coguntur:
1195 2631 1308 2690 scilicet
1329 2638 1389 2690 tarn

72 2737 140 2796 circs
166 2745 195 2795 et
220 2736 354 2807 incolae,
380 2736 438 2794 etsi
459 2753 653 2813 possessores
675 2754 736 2794 non
759 2741 842 2805 sunt,
868 2751 958 2810 quam
980 2750 1187 2809 possessores,
1214 2734 1271 2792 etsi
1294 2753 1390 2812 neque

72 2839 139 2897 eires
162 2847 232 2898 sunt
257 2857 353 2915 neque
374 2837 511 2909 incolae,
539 2837 578 2895 ad
603 2837 796 2896 munitionem
820 2835 1046 2913 compelluntur.
1090 2835 1252 2912 Negotium
1273 2836 1390 2895 iniunc-

73 2952 125 2998 tum
144 2941 254 3017 duplex
276 2948 336 2999 est:
363 2939 541 3016 quicumque
562 2941 695 2998 iumenta
715 2939 899 3017 plaustraria
920 2937 1024 3010 habet,
1047 2938 1077 2994 in
1099 2937 1170 3014 iuga
1191 2938 1311 3015 singula
1331 2946 1389 2998 ter·

74 3059 118 3098 nas
142 3061 194 3118 per
221 3061 332 3102 annum
360 3060 469 3118 operas
495 3051 649 3119 praestare
675 3041 805 3118 cogitur3
833 3040 1014 3116 quicumque
1035 3058 1127 3098 manu
1148 3057 1269 3116 operam
1291 3039 1390 3100 lacere

74 3152 207 3218 potestat
227 3162 321 3204 annos
343 3151 431 3203 natus
453 3151 500 3204 est
520 3144 591 3220 plus
606 3143 714 3214 XIIII,
736 3143 833 3202 minus
848 3141 907 3200 LX
929 3142 1018 3217 quive
1040 3160 1144 3201 servos
1166 3143 1256 3202 habet
1276 3143 1304 3201 ei
1319 3162 1389 3221 ope·

74 3265 116 3304 rac
133 3264 218 3324 pares
240 3247 433 3324 eiusdemque
455 3245 609 3323 aenaim),
631 3247 662 3306 in
684 3245 820 3324 singulos
842 3244 979 3303 homines
1001 3244 1107 3321 quinas
1128 3263 1305 3320 perannum
1321 3265 1390 3322 ope·

73 3367 114 3406 ras
134 3360 290 3426 praestare.
327 3349 375 3407 Ad
396 3349 474 3408 hanc
492 3349 588 3426 legem
610 3367 687 3426 quae
707 3347 845 3425 proxime
867 3346 998 3417 accedat,
1020 3347 1193 3406 constitutio
1216 3356 1263 3406 est
1284 3365 1310 3405 a.
1327 3349 1387 3408 417

74 3449 152 3524 (Cod.
165 3453 223 3512 Th.
242 3453 296 3524 15,
313 3454 341 3523 3,
358 3451 376 3510 5
393 3475 430 3501 =
448 3447 482 3510 0.
497 3452 572 3511 lust.
591 3451 638 3522 10,
654 3449 704 3524 25,
721 3449 754 3526 2)
776 3450 863 3508 haec:
882 3469 936 3525 per
949 3449 1117 3526 Bithyniam
1139 3459 1301 3526 ceterosque
1318 3469 1389 3528 pro·

73 3557 170 3614 moins
191 3573 370 3631 possmsmea
392 3564 418 3612 et
438 3557 617 3631 reparationi
636 3553 746 3630 publici
766 3555 881 3628 aggeris
903 3563 928 3611 et
949 3556 1048 3611 ceteris
1070 3553 1207 3610 eiusmodi
1227 3553 1389 3612 monendus

72 3673 117 3728 pro
136 3661 263 3732 luponem
284 3675 398 3716 numero
420 3656 466 3715 oei
487 3659 621 3732 capitum,
643 3674 717 3733 qaae
728 3655 877 3731 possidere
890 3663 1053 3726 naseuntur,
1077 3655 1222 3731 adstringi
1237 3667 1389 3731 rogantum

75 3757 115 3814 nbi
138 3759 207 3835 iuga
231 3759 267 3818 ad
295 3759 439 3818 animalia
463 3766 598 3835 spectare
620 3757 772 3829 ridentur,
799 3757 898 3831 capita
922 3755 962 3815 ad
983 3773 1097 3816 servos.
1141 3755 1275 3816 Finitum
1297 3758 1389 3819 luisse

74 3859 207 3920 eiusmodi
226 3879 383 3938 operarum
406 3881 561 3921 numerum
582 3881 636 3938 per
658 3861 792 3937 singulos
814 3877 909 3918 annos
931 3858 1143 3936 exigendarum
1167 3878 1246 3918 nunc
1260 3860 1389 3937 primum

74 3963 201 4024 certiores
224 3963 291 4023 lacti
319 3981 431 4022 sumus.
475 3963 594 4023 Aetatis
617 3963 734 4022 termini
757 3981 823 4021 curn
846 3981 899 4040 per
920 3937 953 4020 se
974 3961 1124 4020 notissimi
1146 3961 1219 4033 sint,
1248 3961 1284 4021 de
1309 3981 1388 4023 anno

75 4063 153 4124 Xllll
174 4067 336 4144 pubertatis
359 4067 444 4126 initio
464 4065 598 4144 legitimo
621 4067 750 4124 omnium
773 4083 850 4142 quae
870 4065 1014 4124 habemus
1036 4063 1270 4124 testimoniorum
1286 4066 1344 4125 hoc
1358 4066 1389 4124 ni

77 4275 262 4290 ⁸——

141 4429 164 4493 1)
191 4431 277 4484 Cicero
303 4448 352 4498 pro
370 4433 480 4484 Fonteio
501 4434 516 4483 8
536 4429 576 4496 [4]
602 4438 707 4482 enarrat
725 4433 782 4481 riae
799 4430 934 4481 Domitiae
958 4431 1128 4481 munidonem
1147 4430 1242 4480 lactem
1261 4431 1331 4480 iussu
1350 4431 1389 4480 Μ.

76 4519 167 4573 Fonteii
185 4525 342 4589 proconsulis
362 4523 475 4578 Galliae:
496 4525 579 4575 coacti
597 4531 654 4573 sant
672 4524 767 4574 maire
786 4539 869 4574 omnes
887 4529 910 4573 et
928 4522 1057 4573 multorum
1076 4538 1154 4590 opera
1173 4519 1315 4589 improbata
1333 4529 1390 4572 sant

76 4623 97 4660 et
118 4631 180 4680 quaa
202 4627 349 4685 sequnntur.
387 4618 489 4670 Siculus
508 4618 619 4668 Flaccus
637 4633 663 4683 p.
679 4617 731 4667 146
755 4623 892 4681 postquam
917 4616 984 4665 dixit
1008 4615 1107 4665 deviis
1131 4615 1240 4680 publicis
1260 4629 1324 4679 quaa
1344 4629 1390 4679 per

78 4707 235 4773 redemptores
252 4710 427 4772 munirentur,
447 4709 576 4770 vicinales,
597 4709 689 4774 inquit,
711 4709 787 4759 aliter
805 4709 948 4758 muniuntur
962 4723 1012 4774 per
1025 4723 1125 4774 papus,
1146 4705 1175 4756 id
1192 4715 1229 4756 est
1242 4723 1292 4774 per
1309 4708 1389 4774 mopi-

78 4805 134 4848 ttros
147 4817 277 4868 paporum,
304 4803 348 4870 qui
366 4817 458 4870 operas
476 4819 493 4852 a
507 4799 696 4869 possessoribus
715 4799 751 4850 ad
767 4817 811 4851 eas
829 4799 935 4850 mendas
953 4801 1052 4866 ccipere
1070 4799 1142 4849 soliti
1158 4806 1222 4850 suat.
1262 4798 1303 4849 Cf.
1324 4799 1389 4850 Cato

79 4889 105 4938 de
121 4909 141 4940 r.
160 4909 181 4942 r.
200 4897 221 4956 2,
235 4898 260 4946 4.
299 4895 480 4947 Cod.Theod.
496 4893 540 4957 15,
555 4893 579 4944 3.
618 4895 698 4946 Kuhu
717 4892 793 4944 noda
812 4889 880 4959 Verf.
902 4895 926 4954 1,
942 4893 985 4942 62.

143 5000 168 5062 ²>
196 5003 251 5072 mg.
266 5007 310 5067 so,
324 5007 351 5068 4,
367 5009 410 5069 rs,
425 5007 469 5056 sa.

145 5109 169 5173 ι)
194 5114 257 5166 llam
277 5116 354 5167 rerba
378 5117 405 5166 in
430 5114 540 5166 domines
564 5115 677 5182 aequm
695 5113 805 5183 puberes
828 5115 947 5166 videntur
971 5112 1106 5178 complecti
1127 5119 1178 5163 tam
1198 5111 1293 5163 liberos
1312 5127 1389 5178 qnam

82 5215 165 5254 terroe
