3532 5938
395 531 470 603 240
914 547 1193 600 summumne
1339 559 1341 563 ·
1598 547 1695 598 ere-su

428 697 431 706 ·
476 741 525 800 Ad
544 760 574 800 n.
598 739 706 801 tissa
728 741 771 818 (p.
788 740 872 818 301).
915 742 953 800 In
977 740 1088 801 tradite
1113 740 1241 800 lectione
1267 755 1440 802 eustacio
1471 721 1592 821 iuviu-
1612 752 1696 797 rorrsr

392 845 487 904 latere
515 859 588 903 uvir
602 873 610 890 ·
624 858 750 916 roresr,
781 844 801 902 i.
825 863 851 903 e.
881 845 1054 904 duumviratu·
1071 853 1219 922 potestate,
1255 843 1371 904 monuit
1392 840 1519 904 Carolus
1545 839 1697 900 Moreliu

395 946 585 1026 ephemeride
606 947 781 1007 Britannice
803 947 847 1008 tte
869 946 1013 1025 Acadeoy
1036 950 1064 1005 a'.
1089 945 1169 1006 1870
1190 966 1220 1025 p.
1238 947 1309 1007 301.

392 1255 458 1354 316
486 1256 557 1333 (ine.
584 1264 656 1334 post
682 1275 711 1316 n.
740 1255 845 1332 2004).
888 1255 979 1318 Besis
1014 1272 1110 1333 perra
1143 1254 1312 1318 Nescaniae
1347 1255 1453 1334 (Valle
1483 1257 1518 1316 de
1551 1255 1697 1333 Abdotojit)

432 1369 565 1437 reperta,
593 1368 713 1421 servata
738 1359 769 1419 in
796 1359 919 1437 praedio
948 1357 1078 1439 quodam
1097 1359 1213 1432 ricin03
1243 1359 1362 1422 litterae
1387 1360 1513 1420 detritae
1535 1368 1604 1420 sunt
1621 1377 1698 1438 peeuc

436 1479 549 1523 omnes.

991 1553 1119 1624 pretore

673 1667 773 1710 creme
919 1652 1046 1728 formae
1065 1648 1177 1709 volume
1330 1660 1435 1727 potero

915 1803 979 1848 oso
1009 1789 1058 1848 sci
1078 1802 1191 1848 vvrrur

922 1906 1008 1951 mcc
1139 1906 1212 1952 uros

473 1997 625 2107 Berlanga
659 2027 819 2106 descripsit
843 2028 986 2105 misitque
1015 2036 1170 2104 ectypum,
1202 2027 1268 2106 ipse
1293 2035 1412 2107 praeter
1441 2029 1493 2089 deo
1519 2047 1620 2090 vocem
1642 2026 1699 2088 terti

390 2129 466 2189 nihil
488 2129 661 2209 dignoscere
684 2149 718 2192 se
739 2131 906 2190 confessus.
1169 2130 1172 2136 '

392 2516 456 2577 317
479 2517 549 2594 (ins.
575 2527 645 2594 post
670 2539 699 2577 n.
728 2517 833 2596 2010).
876 2515 1046 2579 Nescaniae
1081 2537 1144 2598 rep.
1180 2536 1207 2578 a.
1237 2517 1326 2579 1874.
1368 2518 1502 2582 Litterae
1539 2529 1608 2580 sunt
1638 2520 1700 2578 ultae

433 2633 464 2679 et
483 2627 588 2681 tenues
609 2620 722 2681 saeculi
743 2622 822 2682 tertii
844 2621 985 2681 ineuntis.
1437 2647 1439 2664 ⁴

833 2739 984 2783 vuemo
1005 2753 1013 2768 ·
1035 2739 1185 2796 Quernas
1206 2753 1214 2772 ·
1244 2741 1366 2784 meuse·

874 2840 1365 2886 neocorensem-sautu·

833 2945 1003 2989 orrere-
1020 2943 1164 2988 neren·
1178 2944 1365 2990 srrrvnn·

833 3029 1009 3103 erutoque·
1022 3046 1107 3090 nero
1119 3061 1125 3076 ·
1138 3046 1366 3094 oscvuroruevs

782 3154 795 3192 s
947 3149 1111 3195 oneremur
1172 3115 1174 3122 ’

475 3271 628 3350 Berlanga
650 3271 809 3349 descripsit
830 3280 860 3332 et
880 3281 1019 3351 ectypum
1041 3273 1079 3330 ab
1102 3273 1206 3332 amicis
1229 3272 1287 3332 sibi
1308 3275 1433 3335 missum
1454 3294 1571 3336 mecum
1592 3293 1701 3336 eommu-

393 3374 515 3435 uicerit.
558 3373 664 3434 Lectio
692 3382 774 3434 certa
794 3384 851 3446 cst,
878 3392 946 3432 nam
968 3374 1049 3453 quod
1071 3374 1224 3453 Berlenga
1244 3377 1373 3453 primum
1394 3378 1509 3458 legerat
1533 3398 1561 3438 v.
1582 3380 1601 3437 4
1622 3390 1701 3436 erveo

391 3493 457 3536 otro
488 3492 581 3551 οΑτο,
615 3477 750 3555 quamvis
791 3477 958 3554 elegantius
995 3477 1106 3536 dictum
1147 3487 1240 3552 esset,
1296 3489 1404 3557 postea
1438 3482 1595 3559 perspexit
1625 3480 1701 3539 fuisse

391 3579 491 3657 potius
525 3594 807 3663 erutum-ouum
843 3579 924 3654 qnod
951 3579 1071 3657 etipse
1100 3580 1132 3639 in
1165 3588 1273 3658 ectypo
1310 3582 1472 3661 distinguo.
1516 3583 1595 3642 Η
1624 3581 1701 3642 tribus

392 3700 501 3742 nomen
522 3682 658 3762 genetivo
680 3699 754 3742 casu
775 3682 906 3759 positum
929 3691 962 3740 ut
982 3681 1016 3741 11
1038 3681 1096 3741 347
1123 3680 1213 3742 1186.

396 3925 1700 3962 w-——ss-w‘

475 4139 526 4199 Ad
547 4159 575 4200 e.
599 4137 680 4199 teus
704 4139 747 4216 (p.
771 4121 857 4217 eeu).¹
912 4138 1063 4199 uenenum
1090 4144 1232 4220 anonymi
1260 4142 1320 4219 (em
1343 4145 1498 4206 rueme
1525 4163 1559 4206 se
1582 4146 1642 4224 spe
1660 4161 1701 4219 ep

389 4241 497 4320 pellat)
518 4242 555 4302 de
576 4242 643 4302 loco
664 4242 811 4320 Panopae,
844 4261 932 4320 quem
964 4242 1076 4301 frustra
1107 4245 1297 4320 quaesivisse
1329 4265 1375 4305 me
1396 4247 1438 4306 ibi
1460 4249 1540 4322 dixi,
1571 4244 1701 4322 indagavit

390 4363 519 4422 meaque
551 4363 644 4404 causa
673 4344 808 4420 inspexit
839 4344 1001 4404 Eduardus
1023 4347 1179 4422 Augustus
1210 4345 1300 4406 Allen
1322 4347 1510 4410 Portucnsis.
1553 4353 1700 4426 Acceperat

389 4449 442 4508 ille
463 4448 599 4508 libellum
622 4464 640 4504 a
661 4445 818 4506 Ludovico
840 4447 877 4507 de
897 4447 996 4507 Bessa
1017 4444 1140 4520 Cornea,
1165 4448 1312 4508 advocato
1332 4451 1363 4510 in
1394 4451 1471 4511 Villo
1485 4453 1561 4514 Rani
1580 4453 1700 4531 degente

391 4551 429 4609 de
450 4551 546 4610 titulis
561 4557 660 4609 autem
674 4549 906 4626 Panoyensibus
923 4550 1053 4626 scriptor
1067 4559 1139 4609 uota
1154 4559 1270 4610 tantum
1284 4553 1394 4629 repetit
1414 4573 1453 4614 ex
1468 4556 1603 4634 Argotio,
1623 4571 1700 4628 neque

389 4672 461 4712 vero
481 4655 549 4730 ipse
569 4651 653 4712 vidit.
681 4651 756 4712 Inde
778 4651 815 4708 de
836 4651 1019 4729 Kingstonis
1040 4671 1159 4728 quoque
1181 4652 1241 4713 fide
1262 4672 1342 4714 nova
1364 4657 1558 4717 subnascitur
1578 4653 1698 4734 suspicio.

391 5019 456 5082 318
486 5022 558 5099 (ins.
581 5033 651 5100 poet
671 5043 701 5084 n.
718 5021 825 5100 1388).
869 5021 984 5104 Gippus
1006 5025 1086 5084 ultus
1108 5042 1147 5082 m.
1165 5024 1191 5083 1.
1209 5023 1259 5098 32,
1280 5025 1359 5087 letus
1381 5029 1409 5087 0.
1423 5029 1474 5102 30,
1494 5023 1700 5094 miserabib,

433 5144 493 5184 non
520 5126 625 5201 procul
653 5145 671 5184 e
698 5125 779 5186 Vetto
800 5127 875 5186 eset
895 5135 1047 5204 repertus,
1079 5127 1190 5186 infixus
1216 5129 1325 5205 parieti
1351 5130 1459 5192 domus
1484 5132 1604 5194 alicuius
1629 5129 1700 5188 imo

432 5237 558 5305 portam.
603 5228 725 5289 Titulus
748 5229 894 5290 triferium
916 5229 1031 5290 diuisus
1054 5239 1101 5290 cst
1121 5229 1308 5308 marginibus
1330 5234 1513 5296 extantibus.
