3530 5932
403 579 474 649 172
828 639 833 647 .
973 597 1154 651 conssun:

399 770 456 830 29.
499 771 536 831 In
562 771 684 830 aedibus
712 774 814 831 strada
841 775 873 830 di
895 772 1041 830 Mercurio
1063 791 1091 830 n.
1112 773 1149 830 18
1176 773 1216 830 ad
1242 772 1398 833 sinistrum
1424 776 1563 852 angulum
1583 777 1699 835 vestibuli

439 893 547 934 versus
574 875 682 934 atrium
710 875 806 935 incisa
831 875 862 933 in
887 874 1018 954 lapidem
1035 874 1204 964 ‘calcarium
1225 874 1405 953 quadratum
1431 896 1497 937 cum
1520 878 1646 956 vestigiis
1664 899 1700 936 ru·

439 977 487 1036 bri
510 977 632 1038 coloris:
1754 979 1755 1074 l

774 1111 899 1187 nlnx
1217 1115 1318 1175 xva.
1754 1097 1755 1192 l

1754 1221 1755 1264 l

479 1271 652 1332 Delineavit
673 1272 710 1331 R.
727 1269 878 1344 Schoene‚
905 1271 957 1348 qui
979 1270 1051 1330 dicit
1073 1272 1234 1331 consimile
1256 1289 1338 1345 esse,
1366 1281 1397 1330 at
1422 1292 1482 1333 non
1510 1283 1620 1334 certum
1642 1275 1702 1333 hanc
1754 1267 1755 1352 l

397 1392 464 1434 esse
490 1376 605 1434 numeri
632 1383 733 1433 uotam
756 1374 878 1435 Oscum.
923 1371 981 1434 sad
1010 1393 1075 1432 cum
1098 1391 1119 1432 Λ
1140 1393 1195 1433 uec
1221 1376 1336 1433 numeri
1361 1383 1435 1432 uota
1455 1375 1565 1435 Latina
1591 1377 1639 1447 sit,
1661 1396 1702 1435 nec

396 1477 498 1535 littera
519 1476 602 1537 Osca
622 1478 670 1536 vel
691 1477 815 1549 Latina,
843 1493 968 1552 cumque
993 1475 1025 1534 in
1051 1476 1180 1536 nummis
1203 1474 1292 1535 Oscis
1319 1486 1484 1554 appareant
1510 1491 1599 1537 notae
1623 1477 1703 1538 Oscae

396 1597 586 1638 numerorum
604 1578 1012 1652 mx‚1nx‚nux,nnxuliae
1029 1577 1185 1653 (Momm,
1205 1577 1269 1637 Uoc.
1285 1579 1368 1636 Dial.
1381 1599 1414 1656 p.
1428 1579 1498 1638 202.
1511 1581 1579 1639 312.
1601 1581 1702 1649 Frisii,
1754 1579 1755 1584 ’

401 1681 469 1740 0ch.
486 1661 583 1740 Mulae.
601 1701 634 1758 p.
654 1682 703 1741 72.
719 1681 782 1758 83),
806 1699 864 1738 non
887 1680 1010 1740 dubium
1026 1681 1150 1754 videtur,
1172 1680 1245 1757 quin
1260 1682 1378 1757 siguum
1394 1699 1455 1740 nux
1475 1683 1506 1740 iu
1521 1682 1618 1758 lapide
1632 1683 1704 1740 Pou-

396 1785 504 1860 peiano
526 1784 604 1843 idem
627 1784 727 1843 valeat
751 1793 785 1842 ut
805 1793 877 1842 uoto
899 1799 961 1842 nux
982 1783 1013 1842 iu
1034 1784 1163 1842 nummis
1187 1780 1292 1858 Oscis,
1320 1785 1457 1860 quamvis
1485 1784 1591 1844 ultima
1613 1785 1704 1844 lineola

395 1886 478 1944 illius
500 1887 616 1946 incerta
637 1885 685 1943 sit.

397 2131 805 2142 Ἦ

397 2323 456 2384 30.
500 2324 621 2384 Titulus
648 2325 741 2384 rubro
768 2325 868 2384 colore
896 2317 995 2401 pictus
1021 2325 1053 2383 iu
1079 2324 1180 2402 lapide
1208 2324 1300 2384 totino
1325 2326 1405 2402 pilae
1425 2326 1544 2402 positae
1565 2328 1596 2385 iu
1616 2326 1706 2402 angulo

439 2417 617 2487 occidentali
638 2426 745 2487 domus
768 2445 838 2486 caso
860 2427 907 2486 del
929 2427 1047 2486 Fauno.-

758 2929 1128 3006 massflmffi
1144 2984 1254 3002 .....

478 3134 673 3195 Deliueatum
700 3135 782 3194 misit
803 3135 841 3194 R.
863 3131 1008 3196 Schoene.
1052 3133 1129 3194 Cum
1155 3133 1202 3192 his
1224 3131 1431 3211 inscriptionis
1454 3130 1558 3192 Oscae
1582 3130 1711 3208 relliquiis

398 3239 591 3316 comparandi
612 3245 683 3296 suut
705 3237 783 3297 tituli
803 3237 835 3296 in
856 3237 1021 3314 parietibus
1043 3236 1159 3295 aedium
1183 3253 1253 3294 casa
1276 3237 1308 3294 di
1329 3233 1471 3294 Sallustio
1494 3234 1668 3310 (d'Attcone)
1689 3242 1713 3289 et

397 3359 468 3399 casa
489 3343 520 3400 di
538 3340 641 3399 Pansa
662 3340 770 3399 iisdem
792 3341 893 3399 verbis
915 3339 1051 3416 concepti
1072 3349 1102 3397 et
1123 3338 1212 3396 rubro
1236 3337 1335 3396 colore
1356 3337 1429 3413 picti
1450 3339 1482 3396 iu
1503 3337 1606 3414 lupide
1626 3336 1712 3403 tolno,

398 3443 540 3514 Montana„
568 3441 632 3502 Unt.
648 3443 731 3501 Dial.
755 3453 773 3501 t.
789 3441 848 3513 XI,
866 3441 912 3514 19,
928 3462 955 3500 o.
972 3442 1002 3500 b:
1024 3439 1130 3512 Elealc
1150 3441 1307 3499 amotanud
1328 3443 1418 3498 eamne
1443 3439 1519 3516 (ott.)
1543 3451 1624 3499 anter
1643 3437 1715 3496 tiarri

399 3545 472 3603 XII
479 3547 522 3602 iot
542 3543 611 3620 (c'nt)
624 3563 681 3604 ver.
698 3543 793 3619 (veru)
810 3543 929 3616 Sarlau,
948 3546 1009 3622 pas
1018 3545 1138 3618 scamat
1155 3543 1215 3601 Mr.
1229 3543 1364 3600 Aadc'riic
1380 3542 1548 3620 (Audirila)
1562 3541 1597 3602 V.
1612 3565 1646 3592 =
1661 3538 1713 3598 Hoc

397 3647 504 3705 ambita
526 3646 604 3723 (aiae
624 3645 772 3724 anfractu)
806 3655 871 3705 eunt
891 3651 965 3704 inter
986 3649 1086 3706 turrice
1107 3647 1299 3704 duodecimam
1320 3655 1346 3704 ct
1363 3654 1479 3722 portam
1500 3645 1652 3710 Somnum,
1676 3642 1714 3696 ubi

397 3749 509 3808 habitat
522 3749 629 3808 Maras
647 3750 767 3808 Adiriac
788 3749 863 3808 Vibii
869 3752 897 3825 s.
922 3747 972 3824 (C.
987 3748 1021 3805 Z.
1031 3751 1058 3824 s.
1080 3747 1168 3824 oerpl.
1186 3745 1255 3822 Spr.
1272 3746 1307 3818 V,
1329 3746 1388 3805 129
1402 3766 1445 3824 sq.
1456 3747 1556 3819 XIII,
1579 3749 1639 3807 259
1657 3743 1713 3819 sp).

397 3851 447 3910 Ex
472 3853 578 3909 horum
605 3851 758 3911 titulorum
780 3851 880 3910 verbis
908 3850 1111 3928 inscriptionis
1139 3848 1296 3925 reIIIquiae
1322 3867 1417 3925 supra
1442 3850 1575 3927 scriptae
1600 3846 1713 3906 huncio

398 3953 518 4012 modum
540 3953 724 4032 supplendae
747 3952 896 4013 videntur:

819 4156 973 4232 eks]u[k]
1004 4152 1179 4231 a[mvianud
1199 4147 1331 4231 eit]u[us

821 4263 1331 4365 ammfflXfflXpm

820 4385 1228 4476 nfflffltffimw
1327 4379 1333 4392 '

703 4581 772 4642 Hoc
793 4583 906 4642 ambitu
927 4581 1009 4659 (viae
1031 4581 1180 4658 anfractu)
1203 4590 1274 4641 eunt

703 4685 782 4744 inter
802 4685 908 4744 turrim
929 4683 1073 4743 decimam
1096 4692 1125 4744 et
1146 4684 1342 4756 undecimam,
1369 4683 1420 4741 ubi

704 4787 819 4848 habitat
840 4786 928 4847 Titus
949 4785 1091 4846 Fisanius
1114 4784 1207 4864 Oppii
1228 4786 1316 4846 filius.

482 4977 607 5036 Plenius
629 4980 679 5056 egi
699 4979 736 5036 de
757 4980 814 5038 hoc
836 4979 924 5038 titulo
950 4977 982 5037 iu
1004 4977 1254 5037 commentatione
1274 4976 1312 5035 de
1333 4977 1454 5054 linguae
1477 4973 1579 5036 Oscae
1606 4975 1714 5051 quibus·

398 5081 467 5140 dam
489 5081 704 5154 monumentis,
733 5081 812 5159 Z.f.
834 5081 922 5159 oerpl.
941 5079 1008 5157 Spr.
1027 5081 1136 5154 XXII,
1161 5079 1223 5140 295
1243 5099 1287 5156 eq.
1322 5081 1359 5154 cs.
1385 5079 1447 5137 289
1467 5097 1512 5154 sq.
