3530 5932
462 537 468 544 ·
508 524 584 574 uren
602 523 683 574 con.
705 523 935 573 cnunnrvnn.
1317 501 1386 572 129

78 631 113 638 ..-
124 629 303 636 -—----—-—
710 627 773 632 --

76 720 146 772 nure,
171 718 243 758 cura
266 699 417 770 fanorum,
445 699 561 758 scilicet
582 697 795 757 sacrificiorum
823 696 1023 774 pulvinarium
1045 697 1180 756 ludorum
1203 697 1388 770 circensium,

76 805 174 864 Romae
201 803 239 861 ad
264 820 352 878 quem
379 801 499 880 proprie
527 800 676 879 spectarit.
720 801 950 877 Magistratuum
972 818 1008 858 ea
1029 819 1089 858 non
1111 800 1181 872 fuit3
1210 818 1278 860 narn
1302 817 1390 858 sacra

76 909 163 966 iinon
182 905 296 964 iaciunt
318 904 376 964 nisi
397 912 487 981 prout
508 922 558 962 res
579 903 683 962 incidit
705 912 815 962 certam
837 903 876 962 ob
899 919 1033 974 causam,
1056 913 1085 962 ct
1106 922 1143 961 ne
1163 902 1250 962 ludos
1269 903 1388 980 quidem

76 1010 152 1068 edunt
176 1008 234 1067 nisi
256 1008 375 1066 votivos
403 1015 433 1066 et
457 1025 476 1064 a
503 1025 575 1065 cura
600 1005 736 1064 fanorum
763 1006 884 1064 omnino
907 1005 1037 1076 alienos;
1064 1013 1169 1065 contra
1190 1005 1389 1082 antiquissimi

75 1112 169 1190 quique
194 1110 257 1170 ludi
286 1117 316 1168 et
342 1128 380 1168 ex
407 1111 476 1187 ipsa
501 1129 534 1168 re
561 1126 648 1166 sacra
674 1107 806 1180 oriundi,
837 1115 869 1166 ut
894 1106 1060 1167 Consualia
1086 1117 1115 1166 et
1140 1107 1296 1184 Equirria,
1328 1127 1389 1165 non

76 1215 138 1274 tunt
162 1233 180 1272 a
205 1212 384 1290 magistratu
405 1212 477 1270 ullo.
521 1210 654 1272 Omnino
681 1212 707 1270 si
729 1229 789 1288 qua
816 1229 903 1271 sacra
929 1217 1008 1269 stata
1028 1229 1128 1269 annua
1148 1211 1248 1287 paullo
1270 1211 1389 1288 plenius

76 1317 181 1396 cognita
204 1316 366 1386 babemus,
393 1313 552 1390 collegium
580 1312 704 1391 aliquod
728 1313 879 1374 invenitur
904 1331 1006 1372 eorum
1033 1332 1135 1372 curam
1160 1332 1278 1390 gerere,
1305 1333 1391 1374 sacra

76 1419 157 1478 iacere
177 1418 326 1494 ludosque
349 1416 446 1476 edere.
482 1417 531 1474 lta
553 1412 718 1475 Consualia
738 1416 793 1474 illa
814 1415 904 1475 edunt
924 1414 1131 1493 pontifices¹);
1153 1417 1196 1474 ita
1218 1417 1290 1475 deae
1312 1413 1390 1474 Diae

76 1521 271 1580 smrificiorum
300 1519 498 1595 ludorumque
525 1537 624 1578 curam
652 1518 713 1595 agit
739 1519 896 1596 collegium
921 1518 1046 1578 fratrum
1069 1518 1225 1578 Arvalium
1251 1520 1390 1595 praeside

77 1624 217 1702 maguum
251 1624 295 1682 ita
326 1641 391 1680 cum
425 1621 513 1680 aedes
541 1621 678 1680 Mercurii
708 1621 788 1679 facta
816 1628 876 1693 est,
907 1631 1030 1698 propter
1057 1639 1137 1680 nova
1164 1639 1251 1681 sacra
1278 1639 1389 1680 merca-

76 1735 193 1785 catorum
222 1727 287 1784 sive
315 1725 536 1786 Mercurialium
564 1725 723 1802 collegium
752 1723 808 1782 sub
836 1725 987 1800 magistris
1016 1725 1183 1784 institutum
1213 1723 1314 1800 est⁹);
1347 1725 1391 1782 ita

76 1829 124 1888 ludi
149 1825 311 1906 Capitolini
340 1828 416 1886 fiunt
443 1827 570 1904 collegio
597 1827 636 1886 ad
662 1829 762 1902 ipsum
789 1827 951 1885 constituto
977 1845 1015 1885 ex
1043 1826 1153 1884 vicinia
1178 1827 1391 1904 magistrorum

77 1929 350 2006 capitolinorumt).
388 1928 474 1989 Haec
495 1929 622 2006 collegia
643 1937 712 1988 sunt
728 1929 791 2006 ,ipsi
813 1928 859 1987 illi
881 1929 1017 2008 magistri
1035 1928 1174 1988 fanorum
1189 1929 1266 2006 legis
1281 1930 1389 2002 Iuliae3

76 2053 131 2092 uam
152 2035 239 2094 etiam
261 2035 292 2092 in
312 2031 401 2091 titulo
416 2030 570 2110 Campano
592 2053 619 2091 a.
636 2053 664 2091 u.
680 2051 705 2091 c.
722 2030 782 2090 660
805 2030 907 2107 (vol.I
928 2051 955 2090 n.
974 2031 1049 2109 571)
1071 2038 1118 2090 est
1139 2033 1296 2110 conlegium
1317 2037 1391 2091 aeica

77 2141 206 2213 nupittrsi
226 2137 306 2194 Inest
326 2139 479 2212 cornpapci.
523 2134 637 2193 Verum
663 2141 710 2192 est
731 2134 859 2195 similem
881 2133 1098 2194 ordinationem
1118 2153 1223 2211 parum
1246 2153 1391 2213 apparere

77 2239 175 2298 indiis
199 2238 373 2314 deabusque
400 2238 439 2297 iis
467 2237 518 2313 qui
544 2237 681 2296 coluntur
707 2255 761 2314 per
787 2237 937 2309 flaminea
967 2237 1021 2297 sed
1042 2238 1208 2297 accuratius
1229 2237 1391 2314 inquirenti
1468 2259 1476 2276 ι

77 2341 115 2398 bic
133 2357 248 2417 quoque
271 2357 338 2399 sese
360 2338 457 2398 offert.
495 2337 616 2401 Scilicet
637 2348 670 2398 ut
691 2339 764 2398 deae
779 2337 858 2398 Diae
879 2358 966 2400 sacra
986 2357 1039 2416 per
1058 2339 1216 2416 collegium
1232 2340 1389 2398 Arvalium

77 2443 216 2514 italiam,
243 2451 276 2502 ut
300 2443 461 2518 quotannis
490 2443 633 2518 magister
659 2449 689 2500 et
709 2443 817 2500 flamen
839 2461 879 2500 ex
901 2461 937 2500 eo
959 2442 1084 2519 collegio
1106 2451 1257 2516 creentur,
1285 2443 1327 2502 ita
1348 2443 1390 2504 dii

78 2546 189 2604 naiores
215 2551 293 2617 tres,
320 2545 451 2604 minores
474 2544 630 2604 duodecim
651 2563 704 2621 per
726 2545 880 2623 pontifices
902 2545 1094 2621 flaminesque
1116 2545 1158 2602 ita
1179 2546 1332 2617 coluntur,
1358 2553 1390 2605 ut

78 2647 194 2726 magistri
216 2647 316 2706 locum
338 2656 483 2725 perpetuo
506 2655 605 2706 teneat
626 2647 762 2723 pontifex
783 2649 934 2706 maximus
956 2647 1055 2722 (cuius
1071 2648 1151 2706 vices
1166 2647 1217 2725 qui
1234 2646 1305 2706 tacit
1322 2666 1390 2706 cum

79 2767 123 2824 pro
143 2749 283 2826 magisne
305 2749 485 2826 appelletur,
513 2750 578 2827 ipse
600 2751 742 2826 magister
764 2750 803 2808 sit
824 2768 947 2808 necesse
970 2749 1046 2826 est),
1068 2749 1195 2827 singulis
1217 2756 1315 2808 autem
1337 2751 1389 2810 fla-

79 2853 158 2910 mines
177 2853 312 2930 perpetui
336 2853 470 2910 attributi
493 2852 563 2922 sint,
585 2869 712 2927 quorum
735 2852 861 2912 maiores
884 2861 996 2911 certum
1012 2860 1059 2911 est
1073 2853 1200 2930 collegio
1215 2852 1389 2930 pontificum

79 2954 285 3032 comprehendi,
314 2947 445 3013 minores
467 2954 631 3030 probabile.
676 2953 737 3014 Sed
758 2955 832 3013 haec
854 2967 989 3014 accurate
1010 2963 1040 3013 et
1061 2955 1149 3031 plene
1170 2973 1309 3013 enarrare
1330 2973 1388 3014 non

78 3056 152 3113 huius
171 3056 227 3115 loci
250 3065 310 3128 est3
335 3055 446 3114 sufficit
466 3057 571 3131 primis
593 3056 680 3116 lineis
702 3077 765 3115 rem
787 3056 1022 3116 adumbravisse.
1064 3054 1184 3116 Scilicet
1205 3058 1319 3135 origine
1340 3075 1389 3116 res

80 3173 150 3215 sacra
174 3160 215 3216 ita
241 3157 381 3217 ordinata
408 3157 527 3216 videtur
555 3175 635 3229 esse,
664 3166 697 3216 ut
722 3159 773 3234 qui
799 3159 889 3217 rebus
916 3168 1092 3236 praeessent
1116 3177 1201 3236 reges
1228 3169 1258 3218 et
1284 3159 1389 3218 deinde

79 3260 200 3319 consules
228 3260 357 3336 singulis
384 3261 503 3338 templis
530 3261 691 3336 quotannis
719 3269 830 3319 certum
857 3261 1009 3320 hominum
1036 3281 1190 3320 numerum
1217 3281 1255 3321 ex
1282 3262 1391 3322 vicinia

79 3359 130 3419 iere
154 3361 330 3422 delectorum
359 3363 572 3433 attribuerent,
600 3365 651 3438 qui
680 3363 827 3422 sacrificia
852 3363 1000 3440 ludosque
1029 3370 1231 3441 procurarent.
1275 3364 1390 3423 Mature

81 3471 164 3522 autem
188 3465 315 3541 collegia
340 3464 414 3523 haec
439 3465 483 3524 ita
504 3465 694 3541 potissimum
716 3465 879 3524 constituta
900 3475 982 3540 sunt,
1010 3467 1093 3524 utin
1115 3467 1210 3525 vicem
1231 3467 1390 3525 creationis

80 3582 124 3638 per
143 3568 329 3644 magistratus
351 3567 512 3644 quotannis
534 3566 631 3626 iactae
653 3568 804 3645 cooptatio
827 3568 1008 3641 succederet,
1035 3569 1099 3627 sive
1120 3570 1162 3626 ita
1184 3577 1217 3628 ut
1237 3568 1336 3627 officio
1357 3588 1390 3627 eo

81 3665 161 3726 iuneti
179 3669 394 3748 iungentesque
416 3670 577 3746 quotannis
599 3671 772 3747 adlegerent
796 3671 849 3746 qui
870 3689 949 3729 anno
970 3672 1110 3746 proximo
1131 3671 1162 3729 in
1184 3689 1272 3730 suum
1293 3671 1391 3731 locum
1420 3680 1424 3692 ·

82 3769 208 3844 ιιιίιειιι,
229 3779 263 3831 ιιι
283 3773 395 3832 tactum
417 3781 465 3832 est
485 3773 615 3832 tortasse
637 3773 667 3830 iu
688 3772 915 3832 Mercurialibus
938 3780 967 3830 et
988 3771 1183 3850 Capitolinis,
1210 3773 1274 3832 sive
1295 3774 1337 3832 ita
1359 3782 1392 3832 ut

82 3873 233 3932 sacerdotes
253 3877 389 3954 perpetui
409 3874 515 3934 fierent
536 3893 572 3934 ea
593 3876 718 3945 ratione,
740 3893 816 3951 quae
837 3883 944 3952 postea
963 3877 1091 3936 obtinuit
1108 3875 1139 3934 iu
1158 3876 1347 3954 pontificibus
1362 3881 1392 3934 et

85 4085 268 4098 ²———-—

151 4241 173 4302 ¹)
197 4243 277 4294 Varro
298 4243 324 4306 6,
339 4245 374 4292 20
399 4243 474 4292 ludos
494 4241 666 4293 Consualibus
686 4243 721 4291 uit
739 4243 796 4292 fieri
815 4257 831 4291 a
850 4242 1037 4304 sacerdotibus,
1063 4257 1114 4308 quo
1134 4243 1238 4298 nomine
1257 4243 1391 4308 pontifices

83 4331 212 4395 significari
225 4343 250 4386 et
268 4351 302 4386 ex
322 4335 378 4400 ipso
397 4335 516 4385 vocabuli
535 4351 582 4386 usn
602 4335 716 4400 sequitur
733 4343 759 4384 et
777 4335 871 4384 collato
890 4335 948 4384 loco
968 4335 1122 4386 Tertulliani
1141 4336 1174 4385 ds
1192 4343 1270 4400 spect.
1286 4335 1310 4386 5.
1350 4335 1391 4386 ct.

86 4423 218 4490 llmquardt
235 4427 333 4479 enchir.
347 4429 372 4488 4,
389 4429 440 4477 278
461 4443 486 4477 n.
503 4428 582 4478 1747.

149 4541 173 4604 ²)
196 4547 247 4596 liv.
262 4549 287 4608 2,
303 4546 352 4596 38:
373 4546 425 4594 utri
443 4561 527 4596 eorum
544 4545 699 4608 (consulum)
719 4543 845 4596 dedicatio
863 4547 932 4596 insert
947 4545 1038 4613 populi
1050 4544 1113 4596 dcta
1125 4552 1194 4608 essct,
1215 4561 1268 4596 eum
1329 4541 1391 4595 rner-

85 4641 184 4684 ‹ctoruur
199 4637 325 4706 collegium
343 4638 480 4688 riretituere.
508 4639 539 4689 In
559 4638 633 4688 titulo
646 4639 763 4688 Heuueni
781 4655 807 4688 n.
822 4639 894 4689 6010
913 4639 1039 4704 reperitur
1057 4655 1122 4705 may.
1139 4639 1227 4706 colleg.
1241 4635 1391 4689 Mercurial.

86 4723 119 4775 ct.
137 4729 208 4780 roll
224 4747 249 4795 p.
262 4731 324 4781 000.

152 4843 176 4905 ²)
200 4848 250 4899 biv.
270 4849 299 4912 5,
315 4850 364 4899 20:
390 4847 446 4898 ludi
466 4845 607 4916 Capitolini
621 4847 712 4916 fierent
731 4847 852 4915 (propter
871 4849 1027 4914 Capitolium
1046 4865 1063 4900 a
1081 4849 1167 4902 Gallia
1186 4849 1329 4912 defensum)

87 4934 244 5005 collegiumque
266 4939 302 4990 ud
324 4956 379 4990 earn
404 4957 455 4991 rem
473 4938 510 4992 M.
530 4937 627 4990 Furius
650 4941 760 4992 dictator
783 4941 941 4991 constitueret
963 4957 994 4991 ee
1012 4943 1046 4992 iia
1065 4943 1152 5009 quiin
1174 4939 1392 5009 Capitoliumque

89 5025 109 5072 ιι
130 5043 185 5077 arce
205 5027 347 5084 dubitarent.
385 5033 416 5083 In
436 5035 517 5084 titulis
536 5035 653 5084 Henneni
671 5050 697 5084 n.
713 5035 784 5084 0010
805 5035 1039 5085 etvol.1n.805
1060 5041 1098 5084 est
1120 5051 1186 5100 mag.
1205 5034 1293 5101 colleg.
1316 5031 1392 5102 Capi-

91 5117 178 5168 ruam.
196 5124 242 5174 sive
259 5141 322 5192 vray.
345 5123 488 5192 Cnpqtold.
518 5125 558 5177 Cl.
578 5127 657 5178 voll
676 5143 701 5192 p.
716 5127 768 5176 006
788 5140 903 5192 quaeque
922 5127 954 5177 de
974 5127 1088 5192 collegiis
1107 5143 1239 5180 sacrorum
1259 5141 1334 5178 causa
1353 5128 1391 5178 in·

92 5209 173 5262 stitutia
191 5213 314 5281 diligenter
332 5219 453 5284 exposuit
470 5219 664 5284 Marquardtius
683 5221 709 5270 in
730 5218 826 5270 enchir.
841 5221 867 5282 4,
884 5221 934 5270 147
942 5235 979 5286 sq.
1059 5261 1061 5267 .
