3532 5938
397 531 470 602 202
805 551 891 604 von.
910 552 926 603 1
951 549 1312 615 auumwssnraavu.
1665 554 1701 602 nr

395 734 496 802 partes
529 737 637 786 esseut.
688 724 852 787 Curatores
888 727 1002 786 viarum
1043 725 1110 802 lege
1145 723 1274 784 Visellia
1309 725 1440 784 instituti
1473 741 1591 783 numero
1622 723 1700 800 plures

396 827 508 888 fuerint
518 847 640 889 necesse
653 839 708 902 cst,
720 848 789 889 nam
800 829 852 906 qui
863 829 1033 887 nominatur
1045 847 1074 886 v.
1085 830 1096 886 l
1106 830 1119 886 l
1128 827 1235 887 litteris
1245 827 1315 885 licet
1326 825 1577 907 evanescentibus,
1591 825 1701 884 diversus

401 939 449 989 est
464 932 585 992 omnino
598 951 617 990 a
632 941 768 992 curatore
784 951 812 990 v.
832 931 878 990 16.
902 929 1014 990 Curam
1026 949 1105 990 anno
1119 930 1234 989 finitam
1249 929 1345 988 fuisse
1360 929 1413 988 vix
1429 928 1614 1000 crediderim
1632 925 1701 986 imno

342 1024 346 1033 '
397 1032 461 1091 fieri
473 1041 582 1110 potest,
592 1044 625 1093 ut
635 1044 795 1113 propterea
805 1033 994 1110 potissimum
1003 1042 1156 1092 curatores
1168 1031 1295 1090 instituti
1303 1031 1374 1102 sint,
1385 1031 1465 1108 quod
1471 1047 1605 1090 censores
1615 1029 1702 1107 quique

399 1145 556 1212 praeterea
579 1156 671 1215 opera
691 1137 811 1215 publica
832 1137 948 1195 maiora
966 1135 1106 1194 locabant
1127 1135 1164 1194 ab
1185 1135 1223 1193 iia
1246 1133 1400 1212 exigendis
1421 1134 1564 1210 temporis
1584 1133 1703 1210 annuatia

398 1237 462 1301 sere
474 1239 718 1315 prohibebantur.
743 1237 972 1298 Ordinuriorum
994 1239 1222 1315 magistratuum
1236 1235 1458 1314 quodammodo
1481 1235 1607 1313 speciem
1619 1235 1638 1292 ii
1650 1251 1703 1310 praa

398 1357 431 1398 ae
449 1335 557 1414 ferunt,
582 1361 647 1401 cum
671 1360 778 1400 nomen
794 1342 933 1420 generale
955 1343 995 1400 sit
1016 1340 1272 1418 aequabiliterque
1294 1340 1407 1411 redeat,
1429 1338 1558 1414 denique
1578 1343 1704 1394 curatores

399 1442 547 1519 quotquot
561 1444 683 1504 fuerunt
696 1444 793 1504 libera
806 1464 838 1502 re
852 1443 974 1522 publica
988 1445 1019 1502 in
1035 1443 1163 1502 comitiis
1178 1442 1238 1502 lere
1253 1442 1344 1502 creati
1357 1443 1427 1502 siut.
1464 1438 1524 1501 seu
1535 1441 1604 1500 baec
1623 1438 1705 1496 lallerc

396 1563 488 1620 posse
520 1546 620 1617 vide03
652 1546 688 1605 dc
718 1547 864 1606 hoc'iam
893 1554 1009 1605 constat
1037 1546 1164 1623 septimo
1190 1545 1272 1604 urbis
1303 1544 1423 1604 saeculo
1452 1559 1604 1602 censorem
1627 1531 1705 1616 operis

397 1646 435 1704 ab
465 1649 533 1725 ipso
569 1649 662 1708 locati
698 1648 837 1726 exigendi
874 1668 975 1708 curam
1009 1649 1151 1708 mandare
1183 1648 1318 1727 potuisse
1355 1645 1443 1706 alicui
1482 1664 1523 1704 ex
1550 1643 1707 1704 curatoribus

398 1749 527 1810 riarum.

482 1853 510 1912 6.
533 1853 682 1914 Extremo
703 1854 771 1914 loco
793 1855 992 1914 subscribitur
1014 1871 1122 1913 nomen
1145 1853 1314 1930 quaestoris
1336 1851 1443 1912 urbani
1465 1869 1539 1912 casu
1561 1858 1652 1909 sexto:

550 1977 578 2016 v.
624 1957 656 2015 6:
680 1957 711 2014 T.
740 1957 883 2016 Vibio..
908 2001 915 2015 .
949 1955 1216 2034 L(l)a(l)muuda'no
1239 1975 1266 2032 q.
1288 1957 1350 2014 urb.

550 2080 578 2118 v.
604 2060 656 2117 ll:
683 2059 716 2117 Τ.
746 2059 782 2118 Vi
807 2099 1193 2118 .............

550 2180 578 2219 v.
604 2161 657 2220 15:
681 2161 712 2220 T.
741 2161 822 2244 Vibio
844 2160 874 2219 L
907 2203 1196 2220 ..........

398 2261 475 2322 Cum
509 2283 601 2322 unum
633 2271 750 2323 tantum
787 2283 826 2323 ex
859 2265 987 2342 collegio
1019 2281 1127 2322 nomeu
1165 2269 1309 2338 ponatur,
1357 2263 1548 2321 statuendum
1588 2269 1631 2320 eet
1658 2277 1709 2318 euu

396 2365 542 2445 intellegi,
565 2366 617 2443 qui
637 2367 757 2426 iubente
779 2384 903 2426 censore
924 2369 1081 2446 pecuniam
1103 2365 1234 2442 mancipi
1255 2361 1428 2423 attributam
1451 2365 1600 2425 solvisset.

482 3010 595 3070 Tribus
635 3013 741 3085 primis
782 3008 979 3068 locationibus
1019 3017 1102 3085 patet
1155 3011 1300 3070 contineri
1351 3011 1431 3069 viam
1474 3007 1622 3070 Salariam
1662 3005 1712 3066 rafi-

398 3112 532 3173 oiendam
562 3119 670 3182 totam3
708 3129 764 3168 nec
798 3110 887 3188 longe
923 3111 1033 3170 distare
1068 3111 1176 3185 locum,
1218 3113 1268 3172 ubi
1300 3113 1378 3190 lapis
1413 3111 1594 3172 eruderatus
1627 3119 1674 3180 est,
1700 3126 1714 3163 a

397 3225 485 3294 porta
507 3214 637 3286 Collina,
660 3212 739 3271 unde
761 3213 864 3272 exibat
884 3213 935 3272 via
956 3209 1076 3273 Salaria
1096 3216 1153 3273 iter
1173 3213 1318 3287 facturus,
1340 3226 1409 3291 apte
1423 3213 1592 3274 Henzenus
1612 3211 1712 3271 monuit

399 3318 445 3376 Ea
465 3317 516 3376 via
541 3315 692 3376 reficiendi
721 3332 812 3374 causa
844 3315 875 3373 in
902 3323 964 3375 tres
986 3316 1140 3392 portiones
1161 3317 1260 3377 divisa
1280 3327 1340 3390 est,
1368 3327 1401 3375 ut
1425 3317 1528 3394 primo
1556 3311 1712 3392 redemptori

398 3420 520 3479 refectio
543 3419 734 3479 mandaretur
753 3417 792 3476 ad
811 3417 873 3476 mil.
896 3417 1034 3490 XXXV,
1058 3419 1183 3478 alteria
1206 3419 1269 3479 mil.
1290 3419 1429 3480 XXXVI
1449 3421 1490 3479 ad
1507 3413 1713 3480 cxxxxvii

398 3524 486 3582 tertIo
521 3543 540 3581 a
575 3523 636 3580 mil.
673 3519 907 3592 LXXXXVIII
932 3520 970 3579 ad
1011 3518 1100 3580 CXX
1126 3531 1156 3580 et
1182 3522 1270 3582 ultra.
1313 3521 1465 3582 Locorum
1505 3519 1713 3582 indicatiouibus

399 3643 477 3701 quac
508 3624 541 3683 in
576 3623 663 3684 titulo
692 3628 882 3683 continentur
916 3640 977 3682 non
1008 3622 1245 3698 immorabimur3
1287 3625 1468 3684 conveniunt
1503 3627 1535 3684 in
1566 3625 1714 3684 universum

398 3747 465 3788 cum
487 3727 641 3788 itinerario
661 3726 742 3805 quod
766 3725 906 3786 traditum
928 3725 1097 3803 accepimus
1119 3727 1190 3786 hoo:
