3532 5938
337 533 643 586 osssavurmrens
669 534 944 587 serorenrmean
970 535 1062 585 xvn.
1288 515 1360 586 257

60 707 108 769 Sed
127 727 188 767 eum
214 707 379 786 fratresque
406 709 477 768 dum
498 708 574 768 vixit
595 709 780 786 suspiciosus
802 709 964 786 imperator
985 708 1126 769 Tiberius
1152 710 1182 768 in
1205 709 1295 770 Italia
1320 730 1365 769 re-

58 810 140 882 tinuit,
161 809 209 869 ubi
230 810 347 869 educati
369 823 439 870 sunt
460 830 521 870 una
542 831 608 871 cum
631 812 819 888 imperatoris
841 819 947 888 nepote
963 809 1042 872 Gaio
1064 832 1099 871 eo
1121 813 1172 889 qui
1194 823 1300 888 postea
1320 832 1365 871 re-

58 897 191 989 gnivie1).
235 910 294 986 Qui
316 932 383 972 cum
405 913 534 992 primum
556 914 586 972 in
609 915 802 973 contubernio
830 915 972 990 proaviae
994 914 1100 974 Liviae
1125 915 1228 987 luerit,
1259 915 1365 974 deiude

58 1035 86 1072 cu
104 1015 234 1074 defuncta
254 1035 281 1074 a.
299 1015 337 1074 29
360 1017 513 1075 transierit
534 1017 565 1075 in
587 1017 811 1076 contubernium
832 1017 916 1075 ariae
932 1017 1092 1090 Antoniae,
1116 1035 1187 1075 ruox
1210 1037 1236 1075 a.
1253 1017 1291 1075 32
1309 1015 1366 1078 Ca·

57 1116 1366 1197 mussffifflmmmfflhmmmmfflfflfflmmwmffim

58 1221 139 1298 egitur
159 1229 187 1278 et
207 1221 291 1295 ipsos
313 1229 365 1279 aut
386 1221 466 1296 apud
483 1223 644 1280 Antoniam
668 1222 754 1280 ariae
777 1238 849 1279 suae
872 1239 1005 1280 sororem
1029 1229 1078 1280 aut
1099 1221 1179 1299 apud
1201 1222 1300 1298 ipsum
1314 1221 1366 1280 Ti-

57 1321 152 1380 berium
176 1323 207 1380 in
240 1323 311 1381 aula
335 1324 420 1400 regia
446 1333 578 1382 moratos
605 1322 721 1398 esse³).
771 1322 882 1382 Tutela
908 1335 1006 1382 autern
1039 1324 1122 1400 regni
1151 1323 1297 1382 Thraciae
1330 1325 1368 1381 ab

57 1424 103 1482 hoc
122 1432 258 1502 suscepta
273 1425 493 1500 quodammodo
516 1426 547 1484 in
563 1425 788 1502 occupationem
805 1426 926 1484 verterit
947 1443 1069 1484 necesse
1091 1434 1136 1484 est
1159 1443 1212 1484 neo
1227 1426 1367 1485 Tiberius

56 1525 267 1586 Rhoemetalces
297 1526 399 1585 adulto
425 1527 504 1586 iacto
525 1547 590 1586 earn
612 1527 788 1599 restituerit;
812 1547 880 1586 nam
904 1525 1000 1586 Gaius
1030 1527 1148 1585 demum
1181 1545 1237 1585 avo
1267 1544 1368 1585 succe·

58 1626 1369 1708 mmpCmfflpmmmmoefflmmffifflQ(ffiffimmmeR

56 1729 108 1800 luit,
128 1739 159 1788 ut
172 1731 214 1789 ait
229 1731 335 1790 titulus
351 1729 529 1808 Cyzicenus,
551 1739 585 1790 nt
600 1715 660 1791 una
679 1751 744 1791 cum
757 1733 854 1809 ipsius
877 1732 975 1790 sidere
997 1731 1086 1790 simul
1102 1741 1298 1791 exorerentur
1319 1750 1370 1790 co-

58 1831 175 1892 mitantia
200 1834 401 1911 principatum
423 1834 488 1893 eius
510 1834 650 1911 regnal).
697 1833 818 1895 Scilicet
841 1832 937 1894 Gaius
958 1833 1072 1910 filiique
1095 1831 1201 1911 Cotyis
1231 1833 1371 1910 proxima

59 1935 261 1994 necessitudine
283 1937 436 1996 coniuncti
458 1946 557 2008 erant,
583 1955 648 1995 eum
672 1937 740 1994 avia
762 1933 834 1996 Gaii
855 1945 886 1994 et
907 1937 1014 1994 horum
1035 1936 1162 2013 proavia
1183 1952 1303 1995 sorores
1325 1954 1370 1994 es·

60 2047 113 2094 sent
132 2039 282 2097 Antoniae
305 2037 433 2114 ducet),
456 2057 559 2097 omnes
581 2047 679 2097 autem
701 2057 886 2098 communem
909 2045 1062 2116 parentem
1084 2037 1229 2096 haberent
1250 2038 1291 2096 M.
1307 2037 1371 2095 An·

59 2139 334 2200 bmmrsshhmn
379 2139 1372 2219 Qmmmmrutmffiopfimspmm(hmshmwmmrwmm

59 2242 154 2318 optime
180 2243 217 2302 de
244 2261 278 2302 se
306 2243 442 2302 meritam
468 2244 605 2302 omnibus
628 2244 736 2302 officiis
758 2241 872 2319 fovit⁷)
900 2253 930 2303 et
952 2243 1071 2301 omniuo
1094 2261 1165 2320 erga
1186 2243 1371 2320 propinquos

61 2343 196 2404 universos
224 2345 263 2403 ad
290 2345 446 2404 stultitiam
476 2353 575 2422 usque¹
593 2346 663 2422 pius
691 2363 756 2404 esse
779 2345 929 2422 volutet),
956 2346 1000 2404 ita
1023 2343 1128 2421 Cotyis
1153 2362 1271 2421 quoque
1292 2345 1371 2402 lilios

60 2453 109 2504 tres
129 2455 228 2523 utpote
251 2466 290 2506 ex
313 2447 435 2506 sobrina
455 2448 550 2525 ipsius
572 2457 659 2508 natos
687 2465 790 2506 omues
811 2447 996 2524 interreges
1018 2448 1140 2506 rettulit.
1164 2481 1204 2490 —
1226 2446 1371 2506 Eiusdem

59 2545 273 2610 Rhoemetalces
295 2547 402 2626 Cotyis
431 2549 485 2608 filii
514 2549 602 2608 etiam
630 2550 741 2609 nummi
769 2559 887 2622 extant,
913 2550 1076 2626 inquibus
1105 2550 1142 2608 ab
1169 2549 1264 2608 altera
1287 2558 1373 2627 parte

59 2663 132 2724 eaput
156 2649 226 2711 Gaii
255 2652 388 2711 cernitur
419 2652 570 2728 adscripto
603 2653 723 2711 nomine
749 2645 837 2728 Γα[ι’ῳ
865 2644 986 2734 Καίσαρι
1012 2651 1187 2734 PepJauvaaqi
1213 2642 1372 2727 Σεβαστῷ,

61 2811 248 2824 *—

122 2916 143 2980 ¹)
166 2921 222 2971 Hoc
242 2935 344 2986 quoqne
367 2920 454 2970 docuit
478 2919 611 2985 inscriptio
633 2920 761 2984 Cyzicena
780 2921 864 2970 verbis
884 2919 936 2970 his:
957 2907 1014 2976 rode
1031 2907 1127 2977 Kc'reor
1152 2915 1179 2968 ll
1197 2914 1288 2974 παῖδας
1305 2911 1372 2968 'Pcr-

60 2999 167 3111 uprz'qur
190 3010 232 3062 real
257 3007 400 3083 Πολίμωνα
429 3011 470 3063 καὶ
494 2999 578 3063 Ko'rev
603 2998 753 3079 rovrpo'qoue
778 3006 819 3061 καὶ
850 3009 960 3082 ἑταίρους
989 3010 1064 3076 tecet}
1088 3013 1165 3079 (imp.
1188 3013 1271 3075 Gaio)
1300 3029 1372 3080 γεγο-

61 3119 129 3158 rem.

123 3193 144 3258 ¹)
169 3198 280 3252 Sueten.
294 3197 353 3250 Gal.
370 3201 412 3248 10.
450 3199 557 3249 Tacitus
576 3213 635 3248 ann.
656 3199 681 3259 6,
703 3199 746 3247 20.

123 3285 144 3350 ι)
169 3289 294 3342 Conierri
312 3298 405 3357 potest,
426 3291 494 3356 quod
508 3292 627 3356 Agrippa
644 3304 691 3340 rex
705 3290 860 3340 ludaeorum
874 3288 941 3341 Gaio
960 3291 1110 3354 imperaturi
1129 3295 1259 3354 umquam
1279 3289 1374 3355 paeda·

60 3393 126 3444 gogus
143 3382 225 3432 adfuit
246 3383 363 3449 (Ioseph.
376 3391 429 3432 ant.
446 3385 488 3444 18,
503 3383 528 3445 6,
542 3385 579 3445 4).

121 3471 143 3534 ⁴)
168 3475 220 3524 Dio
236 3475 282 3538 59,
298 3477 345 3526 12:
366 3462 446 3525 llo'rut
465 3463 506 3538 τήν
519 3491 545 3522 τε
563 3469 699 3542 ’Δρμινίαν
717 3465 759 3537 τὴν
774 3469 936 3542 σμικροτίραν
948 3471 988 3522 arel
1008 3462 1068 3540 perd
1087 3471 1159 3523 rodat
1178 3472 1218 3524 aul
1236 3473 1278 3537 τῆς
1295 3469 1374 3540 Ἀρα-

60 3557 108 3620 βίας
123 3555 174 3615 rard
192 3565 226 3630 τῷ
245 3583 273 3616 τε
292 3558 451 3639 Ῥομητᾶλκῃ
470 3557 502 3616 ad
519 3565 563 3616 roll
581 3557 677 3624 Κότυος
695 3564 736 3616 καὶ
756 3563 891 3632 Πολίμωνι
912 3565 945 3628 τῷ
963 3563 1008 3615 ret
1027 3563 1181 3634 Πολέμωνος
1199 3564 1250 3615 υἱεῖ
1266 3555 1309 3630 τὴν
1327 3584 1374 3615 rra-

60 3647 122 3720 rtq'er
139 3647 221 3730 ἀρχὴν
241 3656 416 3726 ψηφισαμένης
439 3648 469 3723 δ»)
487 3658 530 3723 τῆς
549 3657 643 3724 βουλῆς
663 3655 803 3730 ἔχαρίσατο
827 3653 852 3707 de
869 3674 896 3706 as
915 3656 946 3730 τῇ
965 3655 1046 3726 ἀγορᾷ
1068 3657 1109 3708 καὶ
1132 3653 1172 3707 lrrl
1196 3655 1240 3708 τοῦ
1264 3655 1375 3724 βήματος

61 3743 79 3794 le
96 3743 165 3816 δίφρῳ
184 3739 281 3818 neregel
305 3751 352 3802 cdiv
371 3741 466 3802 drdruv
485 3740 659 3820 rescripsere.
697 3752 898 3802 Rhoemetalcen
922 3765 981 3800 enm
1005 3752 1037 3800 de
1062 3768 1113 3816 quo
1139 3751 1187 3802 hoc
1213 3753 1270 3802 loeo
1291 3754 1375 3817 agitur

62 3841 129 3892 adhuc
151 3845 310 3896 credidimus
334 3846 447 3910 intellegi
466 3846 666 3910 Rhescuporidis
690 3845 771 3894 filium
793 3842 872 3908 (apud
892 3858 939 3893 not
959 3859 984 3893 n.
1009 3843 1049 3904 8),
1084 3845 1123 3894 cui
1147 3845 1228 3894 altera
1247 3845 1375 3894 Thraciae

64 3947 111 3996 pers
128 3951 142 3986 ι
160 3937 228 3989 Gaio
249 3940 312 3988 data
330 3939 363 3988 sit
382 3939 461 4002 stirpe
482 3939 571 4003 Cotyis
590 3939 623 3988 ad
643 3937 795 3986 Armeniam
814 3936 945 3986 translate.
983 3937 1021 3986 At
1038 3943 1174 4002 postquam
1194 3937 1282 3986 titulus
1302 3936 1376 4000 Cyzi-

63 4043 126 4078 cenus
147 4031 234 4081 docuit
259 4031 349 4096 Cotyis
373 4031 513 4081 liberorum
542 4037 603 4080 natu
628 4031 770 4080 maximum
794 4029 885 4078 eodem
909 4029 1013 4078 nomine
1035 4029 1114 4078 inisse
1138 4044 1245 4094 sumque
1270 4043 1378 4095 regnare

63 4122 160 4184 coepisse
178 4123 326 4188 imperante
344 4138 396 4174 non
410 4122 525 4185 Tiberio,
546 4123 592 4172 sed
606 4121 682 4184 Gaio,
703 4121 797 4171 collato
816 4121 963 4171 testimonio
974 4121 1109 4174 Strabonis
1125 4121 1286 4187 (phbbudn.
1299 4121 1330 4182 4)
1351 4121 1378 4170 id

65 4212 158 4263 efficitur
176 4217 247 4280 quod
268 4231 345 4280 supra
369 4217 500 4281 posuimus
519 4215 624 4265 nomine
643 4213 843 4265 Rhoemetalcen
863 4228 971 4278 regnare
991 4215 1104 4279 coepisse
1127 4222 1186 4279 post
1210 4214 1308 4264 obitum
1333 4228 1377 4278 ps·

67 4305 114 4364 trit,
137 4307 180 4356 sed
200 4309 308 4358 tutelam
327 4308 398 4373 regni
419 4308 551 4358 Tiberium
569 4309 597 4358 in
616 4306 813 4370 occupationem
831 4307 947 4356 vertisse.
985 4306 1108 4371 Sequitur
1126 4308 1187 4356 item
1207 4305 1291 4370 Cotyn
1310 4321 1377 4368 enm,

66 4399 124 4447 ruins
140 4415 247 4465 regnum
261 4399 343 4452 Gaius
367 4399 566 4450 Rhoemetalces
586 4399 683 4460 tribuit,
702 4398 899 4449 Rhoemetalces
919 4407 1017 4463 patrem
1037 4413 1101 4460 ease,
1121 4414 1173 4448 non
1192 4399 1297 4448 fratrem
1317 4413 1377 4448 mox

66 4501 292 4555 ronmemoratum5
319 4507 473 4558 quamquam
492 4493 548 4542 fieri
568 4491 664 4558 potest,
687 4499 716 4541 ut
734 4491 787 4541 Dio
810 4491 865 4556 ipse
888 4491 1027 4542 crediderit
1045 4491 1078 4541 de
1097 4491 1188 4541 eodem
1208 4491 1289 4555 Cotye
1309 4497 1378 4540 utro·

67 4595 104 4642 que
122 4585 175 4635 loeo
193 4587 245 4650 agi.

128 4672 149 4736 ι)
171 4675 246 4726 'Exul
269 4667 283 4726 d
301 4663 461 4734 ulr‘fltor
481 4669 559 4733 Γάιος
576 4677 680 4743 Καῖσαρ
694 4662 828 4738 Σεβαστδς
846 4663 996 4742 Γερμανικὰ
1016 4663 1208 4742 συναναλᾶμψαι
1227 4677 1282 4732 ταῖς
1302 4669 1379 4732 ἰδίαις

66 4759 139 4828 Ιὲγιῖς
155 4761 197 4818 real
215 4756 262 4826 τᾶς
283 4756 433 4838 δορυῲἆρους
451 4768 493 4833 τῆς
511 4762 641 4837 ἡγεμονίας
661 4763 789 4833 ἠθέλησεν
810 4763 979 4836 βασιλ[ει’)ας.

130 4856 152 4920 ⁶)
174 4863 244 4912 Vide
269 4877 335 4927 quae
359 4863 386 4912 in
411 4861 459 4912 bac
485 4862 648 4928 ephemeride
674 4863 752 4912 roll
773 4878 798 4927 p.
814 4862 866 4911 223
892 4861 924 4910 de
943 4861 1062 4911 Antonia
1086 4861 1213 4911 triumviri
1238 4861 1292 4911 illia
1318 4868 1379 4911 natu

68 4952 165 5002 mulne
181 4963 263 5020 nupta
281 4955 433 5018 Pythodoro
453 4955 588 5005 Tralliano
607 4957 725 5019 exposui.

130 5039 152 5104 ἵ)
174 5047 282 5099 Sueten.
303 5047 362 5099 Gai.
385 5047 432 5098 15:
458 5047 584 5098 Antoniae
603 5047 677 5098 aeine
696 5045 819 5112 quidquid
836 5063 949 5112 amquam
967 5043 1047 5095 Livia
1066 5045 1183 5112 Auyueta
1201 5043 1321 5098 bonorum
1340 5062 1378 5098 ee·

68 5133 139 5196 pterea,
157 5155 203 5188 uro
222 5145 325 5190 reaches
343 5139 455 5190 consulto
475 5139 607 5206 conpescit.
645 5140 698 5190 Dio
719 5141 761 5200 59,
784 5139 809 5189 3.
847 5139 946 5190 Eelthel
966 5139 991 5202 6,
1013 5139 1073 5190 179.

133 5225 154 5290 Ι)
179 5229 358 5283 Sestertio.
396 5231 450 5283 Dio
470 5232 486 5282 l.
501 5223 523 5284 c}
