3532 5938
157 1655 269 1805 so,
310 1692 393 1804 nn
431 1690 735 1806 uncinis
775 1597 1406 1806 snnvs'nnsvuusis

720 2003 873 2014 ——u-nu-

91 2207 173 2349 In
198 2285 315 2346 radice
337 2285 467 2344 saltuum
490 2287 610 2346 illorum
632 2288 741 2365 quibus
767 2287 907 2363 planities
930 2285 1129 2349 Sufetulensis
1154 2295 1184 2346 et
1206 2285 1351 2348 Sufetana
1372 2303 1458 2364 sepa-

89 2399 203 2450 ratur
237 2389 279 2446 ab
308 2406 344 2446 ea
371 2407 447 2465 quae
475 2390 656 2450 occidentem
682 2407 788 2450 versus
816 2390 985 2449 extenditur
1010 2408 1105 2468 usque
1135 2391 1171 2448 ad
1193 2397 1319 2462 montes,
1352 2390 1403 2465 qui
1427 2398 1459 2445 ut

89 2494 185 2564 olim
224 2491 311 2548 inter
336 2491 519 2568 provinciam
545 2492 789 2570 proconsularem
812 2502 842 2552 et
862 2492 1034 2551 Numidiam
1060 2493 1104 2551 ita
1123 2492 1212 2552 hodie
1237 2493 1313 2549 inter
1334 2507 1458 2566 regnum

90 2597 322 2655 Tunetanum
344 2593 558 2671 Algeriamqne
579 2595 668 2653 finem
691 2595 885 2668 constituunt,
911 2613 929 2654 a
951 2603 1050 2654 monte
1072 2595 1123 2670 qui
1144 2594 1236 2654 hodie
1249 2592 1360 2669 Djebel
1375 2589 1458 2651 Sem·

91 2716 220 2756 mema
240 2695 352 2754 dicitur
373 2697 605 2772 septentrionem
626 2715 740 2770 versus,
762 2697 915 2756 meridiem
938 2706 968 2756 et
982 2698 1165 2756 occidentem
1182 2714 1286 2755 versus
1301 2696 1340 2754 ab
1353 2694 1459 2770 Djebel

90 2799 325 2866 Tauruscha,
357 2799 406 2855 hic
427 2799 489 2857 illic
509 2800 614 2858 ruinae
635 2800 826 2858 inveniuntur
852 2801 992 2858 circuitus
1018 2802 1061 2858 ita
1087 2799 1171 2877 parvi
1195 2799 1247 2856 vix
1274 2805 1305 2855 ut
1327 2799 1457 2856 vicorum

88 2903 277 2978 reliquiae
304 2900 397 2960 fuisse
423 2875 587 2960 videantur.
635 2901 748 2961 Eodem
770 2920 873 2961 omnes
894 2903 1012 2961 nomine
1034 2901 1071 2961 ab
1094 2901 1246 2960 Arabibus
1268 2918 1346 2958 nunc
1367 2899 1397 2956 in
1420 2899 1458 2957 iis

88 3007 190 3066 loeis
231 3002 443 3062 habitantibus
469 3003 654 3080 Haasela‘il)
687 3005 713 3062 cl
736 3004 838 3080 Beqar
864 3005 1063 3081 appellantur.
1116 3003 1220 3062 Victor
1245 3000 1375 3074 Guarin,
1408 2999 1460 3076 qui

89 3110 245 3188 primus
270 3117 341 3163 ante
362 3106 417 3164 hos
439 3105 499 3164 fere
521 3106 688 3181 quindecim
711 3123 806 3164 annos
828 3107 912 3166 illam
933 3109 1083 3183 regionem
1105 3115 1310 3179 perscrutatus
1333 3111 1387 3176 est,
1415 3104 1459 3161 in-

91 3212 188 3272 cidit
224 3208 272 3266 ibi
301 3209 331 3266 in
357 3215 578 3267 monumentum
602 3209 734 3267 omnium
760 3226 837 3284 quae
859 3228 898 3267 ex
920 3209 1075 3285 provincia
1095 3207 1304 3285 proconsulari
1324 3207 1459 3265 innotue-
1497 3277 1499 3288 .

89 3322 184 3374 runt
218 3309 314 3368 facile
340 3311 547 3386 gravissimum
576 3312 632 3370 hoc
666 3321 713 3370 est
743 3312 774 3372 in
806 3311 939 3369 tabulam
968 3311 1076 3387 lapidis
1109 3311 1229 3369 calcarii
1263 3311 1353 3370 altam
1378 3309 1392 3366 l
1417 3328 1455 3367 m.

94 3418 151 3476 64
177 3423 283 3484 cent,
309 3412 398 3470 latam
421 3423 496 3473 cent.
521 3413 571 3485 80,
598 3414 704 3490 viginti
726 3411 871 3490 novemi)
895 3414 1029 3473 versibus
1052 3405 1240 3489 inscriptam:
1274 3431 1339 3470 eam
1361 3411 1459 3487 ipsam

91 3529 227 3579 autem
260 3515 304 3573 ita
330 3513 457 3574 deletam
485 3517 618 3593 repperit
645 3524 677 3573 ut
705 3516 741 3574 de
767 3516 896 3575 lectione
922 3517 1044 3575 maioris
1070 3516 1164 3594 partis
1191 3516 1257 3574 eius
1289 3513 1461 3592 desperaret

92 3641 169 3684 nec
195 3618 267 3679 nisi
292 3635 396 3676 versus
416 3618 552 3677 undecim
574 3627 743 3695 postremos
767 3619 992 3694 describereti)
1035 3618 1110 3677 Post
1125 3637 1192 3676 eum
1214 3625 1283 3676 ante
1304 3636 1350 3674 me
1373 3634 1459 3675 nemo

90 3725 204 3805 quod
231 3722 329 3780 sciam
352 3721 419 3780 loca
440 3721 492 3779 illa
513 3740 574 3780 non
595 3721 684 3779 nimis
708 3729 773 3778 tuta
794 3722 881 3793 adiit3
904 3723 969 3800 ipse
984 3731 1084 3780 autem
1100 3739 1135 3778 ea
1156 3721 1216 3779 adii
1240 3737 1365 3797 sperans
1388 3717 1460 3776 mibi

90 3831 264 3890 sortasse
285 3824 317 3882 in
337 3823 394 3880 hoc
415 3842 536 3900 quoque
558 3831 748 3882 monumento
772 3843 834 3882 rem
857 3824 962 3882 melius
985 3841 1192 3882 successuram
1214 3839 1291 3880 esse.
1340 3809 1459 3881 Primae

91 3932 232 3992 ruinas
260 3943 336 4001 quas
356 3924 454 4001 Begar
475 3926 622 3984 nominari
642 3926 759 3985 incolae
780 3925 853 3985 mibi
875 3926 1021 3998 dicebant,
1044 3927 1157 3985 frustra
1179 3925 1460 4002 pervestigaveram‚

92 4037 189 4093 icem
219 4026 382 4096 secundas,
405 4026 532 4103 denique
554 4029 586 4087 in
608 4028 703 4086 tertiis
725 4028 784 4085 iam
807 4037 965 4103 antequam
988 4027 1026 4085 de
1047 4045 1124 4104 equo
1147 4026 1357 4086 descenderem
1380 4025 1460 4082 haud

94 4131 234 4213 procul
267 4129 307 4186 ab
332 4127 489 4187 ruderibus
516 4130 590 4188 satis
617 4131 735 4206 amplae
767 4131 898 4205 porticus
921 4130 1085 4206 quadratae
1115 4130 1287 4207 ingentibus
1324 4128 1459 4205 postibus

93 4236 231 4304 fultae,
257 4229 401 4306 conspexi
423 4230 552 4306 lapidem
576 4231 672 4290 adhuc
694 4232 797 4290 eodem
819 4232 948 4291 tortasse
969 4233 1036 4292 loco
1058 4239 1195 4303 stantem,
1218 4249 1278 4307 quo
1294 4231 1377 4288 stetit
1388 4229 1460 4286 olim

94 4356 187 4398 eum
214 4332 373 4391 nundinae
401 4332 431 4389 in
460 4351 496 4390 eo
522 4342 770 4392 commemoratae
791 4334 834 4392 ibi
855 4335 1049 4393 habebantur.
1093 4333 1231 4392 Porticus
1253 4333 1334 4390 illius
1356 4330 1461 4388 titulus

95 4441 136 4500 si
166 4437 230 4516 qui
256 4451 388 4511 unquam
409 4432 479 4507 luit,
507 4443 559 4492 aut
579 4435 669 4513 periit
689 4443 742 4494 aut
772 4437 827 4494 sub
856 4444 936 4496 terra
957 4437 1043 4496 latet:
1077 4435 1141 4496 sine
1163 4435 1254 4495 dubio
1275 4443 1373 4492 sutem
1395 4434 1462 4510 ipsa

98 4657 340 4674 .---———-·

202 4819 232 4882 ¹)
261 4815 395 4869 Hmasclir
413 4819 439 4869 in
460 4832 539 4884 regno
559 4819 695 4870 Tunetunc
715 4821 820 4870 omnino
840 4826 954 4870 veterum
975 4821 1128 4887 oppidorum
1147 4821 1237 4872 ruinae
1257 4827 1390 4871 vocantur.

201 4911 234 4974 ²)
263 4911 385 4975 Triginta
403 4911 471 4960 male
491 4911 558 4961 dixit
577 4910 723 4962 Guarinius.

198 5003 230 5067 ²)
259 5001 361 5056 Gne'rin
379 5019 438 5068 aoy.
459 5000 528 5054 arch.
550 5005 563 5051 1
585 5019 609 5068 p.
624 5001 691 5054 3912
718 5001 950 5055 malbeureasement
974 5013 1039 5056 toute
1059 5006 1086 5055 la
1107 5006 1193 5072 partie
1217 5001 1359 5073 superiecere
1383 5021 1399 5054 a
1423 4999 1460 5055 ai

101 5095 217 5166 «παρὰ
240 5112 295 5164 par
316 5111 365 5146 cac
390 5101 458 5145 sorte
476 5093 507 5144 de
526 5093 606 5144 lichen
629 5095 673 5162 qui
690 5113 708 5145 a
725 5093 804 5146 altere
819 5095 1007 5163 prosonds'ment
1026 5097 1053 5148 la
1068 5097 1177 5164 plapart
1194 5095 1239 5148 des
1256 5093 1403 5158 enuntiares,
1433 5112 1461 5147 ce

103 5193 163 5260 qui
182 5205 217 5240 ne
237 5182 290 5240 n’a
304 5189 404 5256 permis
421 5185 454 5237 de
472 5184 605 5253 ddclriffrer
624 5181 700 5254 qa'un
714 5189 782 5255 petit
799 5186 899 5240 nombre
918 5188 949 5239 de
965 5198 1029 5240 mats
1047 5189 1112 5240 daras
1130 5190 1166 5240 les
1185 5189 1230 5241 dic
1247 5189 1309 5256 acus
1327 5185 1461 5257 premieres

107 5284 220 5350 11·un
242 5282 280 5333 lu
298 5296 359 5333 onze
376 5273 508 5330 dernibes
525 5285 582 5329 sont
599 5277 725 5347 beaucoup
743 5280 802 5347 plac
812 5280 909 5346 faciles
927 5279 944 5330 ὰ
964 5281 1018 5332 lire.

1200 5373 1236 5431 19
