3580 5938
528 553 686 614 evrins'r.
708 550 925 602 ouonrn'rou.
945 553 969 601 1.
1363 531 1408 601 89

104 655 191 662 ..ιι-.-

170 725 360 784 Manifestum
385 725 477 801 igitur
499 726 614 784 videtur
636 743 717 796 esse,
747 725 893 801 siquidem
921 728 1101 804 cognomina
1127 727 1190 786 eius
1216 727 1329 787 formae
1351 747 1412 786 om·

100 829 159 887 nino
182 829 210 884 in
239 846 294 886 usu
323 827 457 900 suerunt,
486 827 607 885 nomina
634 827 787 903 gentilicia
809 845 933 903 prorsus
956 829 1119 904 aequaliter
1141 829 1268 888 formata
1290 830 1327 888 ab
1350 832 1412 889 illis
1476 855 1478 862 ⁴

100 931 138 988 rcl
157 930 264 1006 origine
287 930 335 989 vel
359 949 415 990 usu
437 930 558 989 diversa
578 928 664 986 luiso.
701 931 802 1006 Atque
824 931 952 1006 primunr
968 931 1024 989 boe
1039 931 1268 1002 observandum,
1291 934 1413 992 nomina

98 1033 233 1111 gentilicia
254 1034 286 1091 in
308 1051 383 1092 nnus
404 1051 500 1110 paene
522 1032 622 1090 omnia
643 1032 815 1108 antiquiora
836 1051 904 1091 csse
926 1051 1016 1108 qnam
1031 1033 1223 1110 cognomina3
1247 1053 1342 1111 neque
1358 1038 1412 1094 mi-

98 1153 145 1193 nus
167 1135 223 1194 illis
252 1135 419 1193 recentiora
444 1135 566 1193 nomina
593 1137 729 1193 inanius
757 1141 835 1192 snnt.
878 1133 1027 1212 Exempla
1048 1136 1127 1194 eninr
1149 1155 1223 1213 quae
1246 1139 1412 1216 composui,

98 1245 206 1315 excepta
225 1257 331 1296 eornm
353 1244 438 1314 parte
460 1255 537 1314 quae
559 1237 590 1296 in
610 1241 709 1308 ianus,
736 1255 796 1294 non
818 1237 848 1294 in
871 1255 943 1295 anus
964 1239 1173 1311 terminantur,
1201 1247 1253 1298 aut
1279 1257 1318 1298 ex
1339 1240 1412 1300 libc-

98 1360 140 1397 rae
162 1341 206 1416 rei
225 1339 367 1416 publicae
394 1341 577 1417 temporibus
603 1339 764 1415 repetenda
791 1339 886 1414 (velut
913 1339 1071 1413 {fescianus
1098 1341 1294 1401 Albinouanus
1321 1344 1411 1402 Bola-

97 1461 140 1500 nus
159 1442 323 1516 Mesolanus
344 1441 542 1502 Nomentanus·
562 1441 716 1500 Norbanus
739 1440 909 1501 Satricanus
932 1442 1071 1502 Saelenus
1093 1440 1245 1503 *Tritauus
1270 1445 1412 1522 Vorenus)

97 1553 139 1601 aut
163 1553 239 1603 certe
265 1545 389 1603 saeculo
410 1545 507 1621 primo
530 1544 660 1602 alterove
684 1564 743 1602 non
764 1536 930 1603 recentiora
952 1553 1030 1603 suut.
1078 1545 1184 1621 Itaque
1205 1547 1243 1604 ad
1265 1553 1412 1606 vetustam

97 1647 211 1723 aliquam
238 1647 502 1718 consuetudinem,
530 1666 589 1704 non
619 1647 657 1706 ad
686 1648 860 1706 recentioris
890 1647 1032 1724 temporis
1060 1648 1263 1706 confusionem
1291 1651 1413 1710 nomina

99 1749 160 1806 haec
182 1749 341 1808 referenda
366 1759 449 1822 sunt3
477 1749 506 1806 id
533 1749 613 1826 quod
639 1749 725 1808 etiam
749 1749 908 1808 multitudo
928 1769 1030 1808 eornm
1052 1749 1172 1809 indicat.
1215 1751 1413 1830 inpromptu

98 1859 135 1909 est
154 1851 311 1929 explicatio
334 1871 380 1923 ea,
403 1864 436 1910 nt
457 1853 593 1911 homines
615 1852 686 1911 illos
701 1872 720 1918 a
735 1853 830 1912 servis
846 1852 989 1911 oriundos
1005 1865 1153 1928 putemus,
1176 1855 1226 1931 qai
1242 1873 1307 1914 curn
1323 1856 1412 1915 liber-

98 1961 146 2010 tate
170 1955 256 2012 etiam
285 1973 395 2013 nomen
422 1955 608 2029 accepissent
634 1975 653 2011 a
678 1975 709 2012 re
732 1955 853 2031 publica
872 1955 939 2025 illa,
968 1955 1053 2014 cuius
1081 1956 1152 2013 olim
1174 1957 1251 2015 servi
1273 1958 1411 2017 fuissent.

98 2059 182 2132 Atque
201 2075 264 2116 rem
288 2057 439 2135 publicam
462 2075 625 2133 servosque
647 2057 790 2116 habuisse
808 2057 892 2116 locos
907 2057 976 2116 illos
991 2076 1103 2128 omnes,
1127 2060 1204 2118 unde
1219 2063 1341 2118 nomina
1354 2063 1413 2120 ista

98 2159 267 2234 proveniunt,
291 2177 463 2236 quanquam
486 2160 686 2218 demonstrari
708 2160 809 2236 nequit
823 2160 854 2218 in
870 2162 1017 2232 omnibus,
1040 2179 1106 2219 cnm
1123 2163 1299 2237 praesertim
1316 2164 1411 2239 plera·
1438 2144 1441 2152 ¹

97 2279 144 2334 que
164 2271 212 2320 aut
233 2239 307 2320 blim
330 2263 481 2321 interiisse
504 2273 555 2321 aut
577 2262 666 2340 plane
681 2263 783 2340 ignota
798 2264 946 2322 mansisse
961 2263 1132 2336 viderimus,
1155 2264 1219 2323 fieri
1235 2255 1332 2341 potuit
1347 2267 1412 2326 sine

98 2362 182 2422 dubio.
216 2363 279 2424 Sed
301 2365 403 2423 obstat
424 2365 557 2441 opinioni
579 2365 624 2423 illi
646 2364 767 2441 duplex,
789 2365 846 2423 nisi
868 2365 967 2437 fallor,
990 2366 1168 2425 observatio.
1202 2366 1336 2426 Primum
1360 2371 1411 2446 qui

97 2483 126 2522 er
140 2468 256 2526 servitio
271 2467 439 2526 libertatem
456 2467 555 2544 adepti
575 2477 655 2538 sunt,
677 2467 698 2524 ii
714 2468 793 2525 omni
809 2468 924 2525 ratione
939 2468 969 2525 id
985 2467 1102 2526 efficere
1116 2469 1285 2542 voluerunt,
1309 2479 1341 2528 ut
1356 2491 1410 2547 pro

97 2567 216 2644 ingenuis
238 2569 422 2628 haberentur
443 2590 517 2628 neve
539 2580 664 2628 externa
686 2571 795 2628 veteris
819 2570 1000 2628 condicionis
1022 2570 1133 2628 indicia
1154 2573 1323 2632 retinerent.
1364 2575 1412 2633 lta

97 2671 137 2744 qni
160 2672 227 2729 olim
250 2671 423 2730 nominibus
446 2671 605 2748 gentiliciis
627 2681 656 2730 et
676 2673 919 2748 praenominibus
941 2681 1135 2748 patronorum
1160 2674 1201 2731 uti
1224 2676 1308 2733 vetiti
1331 2685 1410 2748 sunt,

98 2772 237 2846 paullatim
260 2792 299 2832 ea
320 2776 421 2832 omnia
444 2775 500 2832 sibi
523 2774 762 2846 vindicaverunt;
790 2776 969 2853 cognomina
990 2776 1054 2833 sola
1075 2786 1192 2852 praeter
1218 2786 1410 2852 patronorum

97 2874 293 2934 indicationem
320 2875 439 2934 servilis
466 2876 590 2953 originis
618 2877 743 2948 indicia,
770 2896 830 2935 non
852 2877 1024 2935 testimonia
1044 2891 1162 2936 servata
1184 2887 1261 2936 sunt.
1305 2881 1412 2957 Itaque

97 2973 216 3036 homines
237 2977 285 3035 illi
307 2980 335 3036 si
357 2979 424 3054 ipsa
444 2980 662 3056 gentiliciorum
686 2980 782 3037 forma
803 3000 821 3038 a
842 2979 1025 3055 reliquorum
1048 2980 1136 3058 plane
1159 2981 1276 3040 diversa
1298 2983 1341 3040 uti
1361 2993 1412 3043 aut

97 3077 144 3153 ipsi
169 3079 335 3138 volnissent
361 3089 412 3138 ant
438 3081 512 3139 iussi
539 3089 654 3152 essent,
681 3082 806 3160 originis
836 3101 894 3140 non
922 3080 1033 3140 liberae
1060 3083 1201 3140 indicium
1229 3085 1409 3144 luculentum

98 3182 320 3255 proposuissent.
365 3183 483 3242 Deinde
506 3203 576 3242 vcro
599 3184 847 3260 quemadmodum
870 3185 919 3260 qni
942 3192 1038 3244 certas
1061 3187 1099 3244 ob
1121 3204 1228 3244 causas
1251 3189 1409 3248 manumis-

97 3282 177 3340 sionis
202 3304 220 3342 a
246 3305 280 3342 re
306 3285 409 3362 aliqua
438 3286 558 3361 publica
579 3287 674 3344 factae
696 3287 869 3344 memoriam
892 3305 1012 3346 servare
1034 3296 1085 3346 aut
1107 3288 1265 3346 voluerunt
1287 3298 1339 3349 aut
1361 3291 1409 3350 de·

97 3383 208 3444 buerunt
235 3387 359 3446 nomina
384 3389 536 3464 gentilicia
565 3387 757 3448 formaverint
785 3389 925 3464 exempla
951 3391 1097 3449 nonnulla
1124 3371 1238 3449 dbcent.
1283 3393 1319 3450 In
1346 3393 1410 3450 uni-

97 3503 199 3546 versnm
220 3491 272 3566 qui
296 3489 407 3566 publici
430 3491 558 3548 alicuius
581 3491 660 3549 servi
681 3492 798 3550 fuerant
820 3492 945 3551 Publicii
966 3493 1037 3551 dicti
1060 3502 1130 3553 sunt
1152 3503 1221 3571 post
1245 3493 1408 3554 libertatem

97 3585 229 3664 adeptam,
253 3600 285 3650 nt
307 3591 416 3651 docent
437 3593 577 3668 exempla
598 3594 685 3650 haec:

170 3693 217 3752 Cn.
231 3695 379 3752 Publicius
395 3695 565 3766 Menander,
589 3696 735 3754 libertinus
757 3697 847 3766 borno,
870 3716 951 3773 quern
973 3681 1057 3774 apud¹
1071 3703 1194 3758 maiores
1216 3701 1301 3776 lepori
1319 3707 1411 3761 nostri

247 3799 278 3853 in
303 3795 455 3855 Graeciam
478 3800 687 3874 proficiscentes
712 3803 890 3874 interpretem
915 3817 1008 3858 secum
1034 3801 1136 3860 babere
1161 3802 1310 3862 voluerunt
1335 3813 1409 3864 teste

246 3897 393 3957 Cicerone
417 3899 490 3974 (pro
513 3899 609 3958 Balbo
632 3903 683 3972 ll,
705 3899 772 3976 28),
800 3901 851 3976 qui
878 3902 915 3959 de
941 3922 977 3959 eo
1003 3902 1039 3959 ad
1062 3903 1205 3978 populum
1227 3904 1318 3964 latum
1342 3925 1409 3966 esse

248 4001 346 4072 addit,
374 4011 404 4059 ut
425 4006 450 4058 is
473 4001 636 4073 Publicius,
661 4008 687 4062 si
709 4006 819 4061 domum
840 4007 991 4063 reeenissel
1011 4014 1037 4062 et
1056 4007 1122 4062 inde
1142 4007 1260 4064 Romam
1280 4011 1409 4076 redisset,

247 4123 282 4160 ne
301 4107 396 4162 minus
419 4107 489 4162 ciuis
511 4115 589 4162 esset.

168 4204 203 4261 A.
232 4204 381 4264 Publicius
412 4205 586 4276 Germanus,
617 4210 749 4266 sacerdos
778 4210 912 4286 familiae
936 4209 1067 4285 publicae
1096 4211 1257 4270 colonorum
1284 4213 1410 4272 coloniae

248 4307 393 4367 Patriciae
416 4318 572 4384 perpetuus
595 4307 753 4370 Cordubae
780 4309 861 4372 c.‚1.
879 4311 914 4370 L.
937 4311 1076 4370 112229.
1120 4313 1196 4371 Vide
1223 4333 1313 4390 supra
1339 4315 1407 4374 Ger·

248 4429 348 4469 neonus
370 4411 401 4468 in
424 4410 520 4469 indice
542 4414 761 4488 cognominum.

169 4509 209 4567 Μ.
226 4511 373 4570 Publicius
394 4513 521 4572 coloniae
542 4515 657 4574 libertus
672 4515 859 4576 Philodamus
876 4516 1002 4576 Venafri
1016 4517 1041 4574 l.
1056 4515 1097 4575 N,
1113 4519 1193 4576 4703
1216 4517 1268 4594 (=
1285 4519 1408 4580 Henzen

250 4613 354 4690 6398).

172 4715 200 4772 C.
230 4715 374 4776 Publicius
405 4723 576 4796 municipum
606 4721 874 4779 Mediolaniensium
907 4723 1049 4799 libertus)
1080 4723 1244 4782 Alexander
1275 4719 1407 4804 in'agro

250 4815 428 4878 Norariensi
451 4818 485 4879 (i.
503 4821 527 4878 l.
545 4820 581 4879 L.
599 4822 627 4879 V
642 4822 724 4881 6630
747 4823 799 4899 (=
818 4822 912 4883 Orell.
929 4825 1034 4900 4905).

169 4916 204 4975 L.
230 4919 372 4980 Publicius
392 4921 537 4997 Euryales
564 4929 713 5000 municipii
737 4925 885 4984 Tareisini
907 4927 1021 4986 libertus
1043 4928 1175 4988 Tarvisii
1199 4928 1232 4989 Ο.
1254 4931 1278 4988 Ι.
1302 4930 1337 4989 L.
1358 4933 1406 4991 Ill

251 5021 327 5081 2109
351 5023 405 5098 (=
423 5022 509 5083 Grut.
524 5025 573 5098 83,
593 5027 653 5102 13).

175 5123 207 5194 Q.
235 5123 379 5184 Publicius
411 5125 667 5205 Terpestimorum)
696 5129 814 5188 libertus
844 5131 926 5190 Felice
953 5132 1097 5209 Tergeste
1128 5132 1161 5193 Ο.
1189 5133 1213 5192 Ι.
1236 5133 1271 5193 L.
1296 5135 1323 5192 V
1346 5135 1406 5194 628

251 5225 301 5300 (=
317 5226 442 5288 Henzen
458 5228 563 5306 6397).
