3530 5932
501 525 575 576 nux
591 526 673 580 con.
695 527 922 579 GENETIVAE.
1307 511 1376 582 147

64 724 92 764 ea
108 724 137 764 re
157 703 293 776 differre,
316 702 398 779 quod
417 702 471 762 ille
493 702 560 762 solo
583 720 733 762 consensu
753 703 934 780 perficiatur,
959 703 1009 763 hic
1029 703 1249 782 quodammodo
1271 705 1379 764 litteris

64 808 93 866 de
113 825 146 865 ca
170 825 202 866 re
227 806 318 866 lactis
340 806 388 866 vel
416 805 518 882 potius
545 814 661 866 tessera
685 802 803 882 datal).
846 805 911 864 Iam
934 815 1111 888 patronatus
1132 807 1159 866 is
1182 826 1269 884 quem
1291 808 1380 866 nobis

62 917 251 986 repraesentat
278 908 330 968 lex
360 905 501 968 Caesaris
529 917 641 985 quanto
668 908 793 992 propius
822 909 861 966 ad
889 909 1071 985 primitivam
1102 910 1229 968 formam
1258 911 1381 969 accedat

62 1032 136 1090 qnam
162 1031 250 1090 quem
279 1011 368 1070 nobis
396 1019 659 1087 repraesentarunt
687 1011 865 1070 documenta
893 1011 991 1070 adhue
1019 1021 1090 1070 nota
1118 1014 1224 1072 aetatis
1252 1013 1380 1088 impera·

63 1115 142 1174 toriae
165 1114 227 1173 iere
249 1113 364 1185 omnia,
391 1133 480 1174 nemo
506 1123 554 1173 est
579 1114 651 1190 quin
678 1114 786 1172 videat.
831 1113 1034 1192 Distingnitur
1061 1115 1091 1172 in
1117 1114 1181 1192 lege
1203 1115 1253 1191 qui
1274 1109 1379 1192 ‘putro-

62 1237 106 1276 nus
131 1227 170 1276 est
192 1211 396 1294 adoptaturuc’
423 1218 477 1293 (3,
499 1215 556 1292 15)
586 1216 651 1276 aive
677 1211 825 1293 ‘patrumm
850 1218 1007 1292 adoptatur
1034 1220 1155 1276 comitor
1176 1213 1223 1294 fit’
1250 1217 1300 1293 (7,
1320 1217 1380 1294 43)

63 1323 94 1380 ab
113 1339 145 1379 eo
166 1319 216 1398 qui
236 1317 347 1398 'hospes
369 1322 528 1396 adoptatur
549 1337 700 1396 quonamve
721 1319 873 1396 hospitium
894 1330 1033 1378 tesserrwo
1054 1319 1205 1396 hospitalia
1223 1315 1281 1397 fit'.
1323 1319 1381 1378 Ille

62 1425 144 1484 bonor
168 1422 265 1482 maior
285 1430 346 1494 est,
374 1422 423 1481 hic
444 1423 554 1496 minor,
584 1441 651 1481 cunr
674 1422 713 1480 ad
734 1429 923 1499 patronatum
945 1422 1162 1481 decernendum
1182 1423 1259 1482 duae
1280 1431 1381 1500 partes

62 1525 236 1584 decurionum
265 1526 470 1602 requirantur,
496 1525 528 1583 in
554 1524 686 1600 hospitio
713 1525 820 1584 solitus
848 1543 990 1584 numerus
1018 1525 1163 1598 sufficiat,
1188 1526 1259 1584 item
1284 1543 1383 1601 poena

62 1627 200 1706 adscripta
221 1629 261 1688 sit
282 1629 313 1687 in
335 1627 389 1686 illo
410 1627 509 1686 decies
531 1633 615 1685 tanta
636 1638 747 1704 quanta
768 1629 798 1686 in
821 1627 879 1686 hoo
900 1637 955 1686 est.
991 1628 1056 1686 Iam
1078 1628 1135 1692 hac
1156 1627 1222 1704 lege
1238 1627 1382 1687 admoniti

62 1730 246 1806 intellegimus
271 1729 440 1791 Gaditanos
467 1729 631 1806 hospitium
659 1729 846 1789 solummodo
872 1730 990 1806 publice
1014 1731 1122 1790 fecisse
1144 1741 1260 1789 tessera
1280 1731 1383 1789 oblata

62 1852 120 1894 cum
144 1834 207 1892 cire
238 1833 311 1892 olim
340 1850 410 1905 sno,
436 1833 497 1892 iam
525 1832 664 1891 Romano
693 1830 729 1891 L.
759 1830 901 1892 Cornelio
929 1828 1079 1909 Balbo⁹)‚
1112 1852 1301 1910 nequaquam
1329 1853 1382 1910 pa·

64 1949 168 1998 nonum
193 1956 260 1998 eum
288 1936 346 1995 sibi
375 1934 579 2013 adoptavisse.
624 1933 755 1994 Omnino
778 1941 884 2010 postea
910 1935 1028 1995 demum
1051 1945 1176 2013 uterque
1198 1938 1294 1995 bonor
1315 1954 1382 2012 per-

63 2053 140 2118 petuo
171 2040 410 2115 necessitateque
436 2037 565 2114 quadam
592 2037 733 2114 coniungi
762 2038 859 2113 coepti
887 2044 958 2096 sunt
985 2039 1151 2115 acciditque
1176 2039 1225 2097 hic
1251 2056 1382 2115 quoque,

64 2153 90 2201 rt
114 2143 273 2203 honoribus
301 2141 588 2200 increbrescentibus
617 2149 647 2199 et
667 2139 731 2199 fere
751 2140 936 2217 pervulgatis
958 2141 1073 2199 minore
1095 2141 1206 2200 nemini
1227 2141 1287 2199 iam
1309 2141 1382 2200 satis

63 2247 135 2304 ieret
161 2246 262 2322 itaque
290 2242 423 2320 simplex
452 2242 617 2320 hospitium
644 2240 866 2319 quodammodo
894 2243 1130 2319 exolesceretl).
1151 2275 1190 2286 —
1221 2242 1384 2303 Praeterea

63 2347 182 2408 notabile
208 2355 256 2406 eat
280 2347 312 2406 in
338 2347 394 2405 hac
423 2345 488 2422 lege
515 2353 674 2422 patronum
699 2345 851 2421 adoptari,
878 2352 911 2403 ut
932 2343 1078 2422 cicer-m)
1101 2364 1218 2423 quoque
1240 2345 1383 2422 loquitur,

64 2471 113 2510 uon
132 2449 282 2529 cooptari,
310 2448 390 2526 quod
412 2447 591 2507 vocabulum
613 2449 651 2506 ab
673 2447 801 2524 Augusti
823 2449 893 2508 inde
915 2457 1013 2507 aetate
1033 2450 1064 2507 in
1086 2467 1123 2507 ea
1142 2467 1175 2507 re
1197 2448 1383 2525 sollemnel)

64 2553 244 2612 nibilominus
272 2551 332 2629 ipsi
358 2560 442 2610 actus
464 2549 639 2628 proprietati
662 2567 768 2626 perum
790 2559 892 2627 aptum
919 2559 977 2623 est;
1005 2568 1100 2627 neque
1122 2551 1201 2610 enim
1223 2553 1343 2629 proprie
1364 2571 1383 2610 a

65 2655 172 2732 collegis
186 2653 296 2714 suturis
311 2661 457 2730 patronus
473 2653 592 2712 iuturus
609 2654 795 2712 adsciscitur.
826 2654 1015 2730 Quamquam
1031 2654 1189 2731 cooptandi
1204 2654 1383 2714 vocabulum

65 2758 226 2817 eonomine
248 2755 387 2816 excusari
409 2762 523 2831 potest,
549 2755 630 2832 quod
657 2765 736 2814 certe
756 2757 924 2832 posteriore
945 2766 1078 2832 tempore
1100 2757 1189 2815 etiam
1211 2759 1330 2834 patroni
1352 2758 1383 2818 in

65 2863 121 2920 elbo
145 2859 337 2919 decurionum
364 2859 625 2933 perscribebantur
650 2867 682 2917 et
706 2859 886 2935 quodammo
912 2859 1123 2919 decurionibus
1148 2859 1384 2919 adnumeraban·

65 2971 111 3022 tur.
126 2997 162 3006 -
187 2962 345 3022 Accedunt
366 2960 428 3019 alia
448 2960 520 3020 item
542 2967 572 3019 et
594 2979 674 3020 nova
694 2969 725 3020 et
745 2961 866 3038 cognitu
888 2961 987 3039 digna.
1031 2960 1182 3020 Patronus
1205 2962 1302 3020 adhuc
1323 2981 1384 3022 cre·

64 3065 191 3124 debemus
213 3063 314 3123 nullos
334 3063 400 3122 lieri
420 3065 558 3140 potuisse
580 3063 638 3123 nisi
659 3082 698 3122 ex
720 3062 914 3123 decurionum
935 3063 1070 3134 decret03
1091 3064 1152 3122 iam
1169 3083 1239 3122 vero
1257 3065 1384 3125 addisci·

65 3185 119 3226 mus
145 3166 282 3227 colonias
304 3161 357 3242 qui
378 3165 578 3226 deduxissent
598 3165 688 3242 quive
710 3167 826 3225 colonis
849 3184 938 3244 agros
960 3166 1112 3226 dedissent
1133 3167 1384 3245 adsignavissent,

64 3271 134 3345 ipsos
159 3269 272 3328 liberos
298 3273 498 3344 posterosque
523 3287 626 3328 eorum
653 3269 721 3346 ipso
741 3268 805 3327 iure
827 3269 891 3328 cius
914 3269 1050 3328 coloniae
1071 3278 1216 3346 patronos
1238 3269 1382 3347 luissess).

63 3371 102 3430 tn
124 3371 203 3448 qnod
231 3368 338 3430 Cicero
348 3369 377 3446 ⁷)
406 3369 510 3428 scribit
535 3375 586 3447 qui
611 3373 737 3430 deitates
763 3374 967 3430 mutuationes
995 3373 1119 3430 deuictos
1145 3372 1217 3430 hello
1246 3375 1277 3429 io
1297 3373 1386 3448 fldem

64 3479 235 3552 recepissent,
267 3491 363 3532 eorum
384 3482 525 3550 patronos
546 3475 644 3550 fisiaco
670 3491 747 3531 more
774 3477 927 3545 emiorum,
960 3473 1096 3533 similiter
1125 3475 1385 3551 interpretabimur

64 3577 105 3652 qui
131 3576 279 3655 populum
305 3575 455 3635 devictum
480 3575 512 3634 in
537 3575 626 3634 iidem
647 3575 807 3652 receperit,
834 3594 893 3634 non
916 3576 954 3635 ob
976 3575 1006 3635 id
1027 3577 1205 3636 beneficium
1227 3586 1385 3653 patronum

64 3681 159 3751 used,
185 3678 243 3738 sed
268 3697 304 3737 eo
330 3678 415 3755 ipso,
442 3676 524 3754 qnod
549 3678 581 3736 in
606 3677 695 3736 fidem
722 3697 789 3737 eum
814 3663 940 3755 recepit,
967 3687 1125 3755 patronum
1147 3679 1285 3738 effectum
1307 3697 1384 3737 esse.

63 3779 96 3840 Et
114 3801 180 3840 sere
209 3781 255 3842 sic
275 3779 408 3840 redimus
430 3781 469 3840 ad
489 3788 666 3859 patronatus
687 3779 817 3858 genuina
836 3779 1014 3858 primordia3
1041 3801 1109 3854 nam
1133 3789 1165 3841 ut
1186 3781 1217 3841 in
1239 3783 1303 3840 iure
1324 3782 1384 3859 pri·

64 3973 257 3984 ——2—-—

128 4117 151 4180 ¹)
178 4118 234 4168 lc.
254 4133 280 4183 p.
295 4117 358 4169 341.
372 4117 434 4168 ³62.

129 4207 154 4272 ²)
183 4210 278 4261 Cicero
296 4225 344 4274 pro
363 4208 438 4260 Balb.
455 4209 498 4271 18,
513 4210 562 4260 41:
582 4206 717 4276 hospitium
816 4225 870 4260 cum
889 4207 922 4260 L.
939 4207 1054 4262 Cornelio
1071 4208 1213 4260 Gaditanos
1224 4208 1320 4274 secisse
1334 4223 1384 4277 pu-

66 4295 119 4352 llice
136 4300 209 4354 deo:
223 4301 357 4370 proferrem
375 4307 499 4352 terrerum

127 4391 150 4456 ³)
180 4395 234 4444 Vel
256 4394 412 4459 gentilitates
437 4393 503 4444 dnae
526 4395 609 4458 gentis
627 4395 765 4446 Zoelarum
789 4409 835 4445 eae
860 4411 925 4461 quae
950 4411 974 4446 a.
993 4412 1019 4462 p.
1039 4395 1100 4447 Chr.
1115 4397 1149 4445 tt
1173 4387 1322 4459 ‘hospitium
1342 4409 1385 4443 re·

65 4493 145 4536 natum
169 4478 312 4553 antiqnom’
336 4486 404 4536 inter
432 4501 460 4536 se
484 4493 654 4548 renovarunt,
680 4488 736 4537 solo
762 4503 793 4538 eo
819 4503 872 4538 non
897 4489 1010 4540 contenti
1031 4481 1127 4550 ‘ali(u)s
1150 4487 1230 4536 alium
1254 4487 1282 4536 in
1306 4487 1385 4536 fidem

66 4576 248 4644 clientelamque
272 4593 345 4629 susm
364 4594 521 4644 suorumque
538 4578 679 4630 liberorum
695 4589 907 4646 posterorumque
928 4573 1085 4648 receperunt'
1105 4579 1166 4639 (vol.
1180 4579 1208 4629 11
1227 4593 1254 4628 n.
1268 4578 1339 4629 2633
1350 4597 1384 4619 =

66 4667 132 4718 Orell.
147 4671 221 4733 156).

128 4761 152 4824 ⁴)
180 4763 236 4814 Pro
254 4763 322 4816 Sest.
335 4763 362 4824 t,
377 4764 403 4814 9.
435 4762 505 4815 Phil.
520 4765 545 4826 2,
560 4765 605 4828 41,
621 4765 682 4816 107.
703 4765 729 4828 6,
745 4765 769 4829 5,
785 4766 827 4816 13.
858 4765 918 4816 Val.
936 4762 1148 4827 Max.9,15,1.
1180 4761 1319 4814 Patremon
1338 4761 1384 4814 αά·

66 4853 158 4904 seim
170 4855 265 4906 Cicero
284 4855 311 4905 ln
330 4855 384 4906 Pis.
400 4858 443 4918 11,
457 4855 501 4906 25.

130 4943 153 5008 ⁵)
181 4947 299 4997 Primum
323 4947 454 5002 invenitur
475 4948 544 5014 quod
563 4949 643 4999 sciam
662 4950 690 5000 in
709 4949 797 5000 tabula
816 4965 839 5000 a.
851 4965 877 5014 p.
893 4949 954 5001 Chr.
968 4951 1020 5000 742
1040 4948 1130 5013 (Orell.
1145 4947 1237 5010 ³693).
1275 4949 1307 4999 In
1326 4963 1385 5000 aere

68 5037 233 5104 nequissimo
251 5040 330 5090 roll
348 5055 373 5090 n.
389 5041 441 5091 5³2
461 5041 665 5106 supplementum
687 5041 756 5106 quod
769 5043 844 5108 posui
856 5042 995 5092 coueuumis
1006 5038 1161 5109 co[ptumua]
1176 5041 1325 5092 mutandum
1339 5047 1385 5092 est.

131 5129 155 5194 ι)
181 5133 224 5182 lta
237 5131 266 5182 P.
280 5131 355 5186 Sulla
373 5133 490 5184 coloniae
507 5147 525 5184 a
536 5149 564 5186 se
576 5133 715 5200 Pompeios
728 5135 854 5186 deductae
868 5141 992 5200 patronus
1004 5134 1054 5184 luit
1073 5133 1176 5197 (Cicero
1188 5149 1236 5202 pro
1249 5133 1315 5188 Snll.
1330 5131 1384 5198 21).

132 5217 156 5284 ¹)
181 5223 225 5276 De
244 5225 313 5276 ollio.
333 5225 477 5287 1,11,35.
