3580 5938
518 563 677 625 stnsr.
697 561 914 613 ononrnrou.
935 563 959 612 1.
1355 543 1400 613 91

228 740 305 816 loqic
326 759 385 797 non
407 749 463 798 est:
484 738 561 815 quod
580 737 636 796 olii
655 740 770 796 nominc
788 737 889 796 labent
904 737 940 794 ob
956 738 1081 812 oppidis,
1103 738 1158 795 alii
1173 747 1222 795 aut
1235 755 1294 796 non
1308 737 1409 795 lobeni

226 852 278 900 out
297 860 355 900 non
375 851 407 900 ut
428 841 525 901 debent
544 841 654 899 babent.
688 839 804 898 Habent
820 840 951 916 plerique
973 838 1096 898 libertini
1117 859 1136 898 a
1156 841 1310 916 municipio
1324 859 1410 897 manu

226 949 324 1013 missi,·
349 947 381 1001 in
406 961 462 1020 quo
488 954 519 1002 ut
544 946 708 1003 societatum
734 951 761 1001 et
778 943 918 1016 sonorum
939 946 1016 1001 servi
1036 959 1093 1000 non
1115 951 1265 1000 curarunt
1283 961 1409 1018 propor-

226 1051 329 1106 tionem
353 1039 539 1122 rationari).
582 1045 626 1103 Et
645 1046 838 1104 Romanorum
865 1043 960 1102 liberti
983 1045 1138 1103 debuerunt
1159 1045 1232 1116 dici,
1258 1055 1290 1103 ut
1310 1063 1329 1101 o
1352 1045 1410 1102 Fc-

225 1153 322 1209 uentia
351 1149 541 1219 lboentinua,
571 1168 590 1206 a
615 1146 705 1206 Reate
725 1147 879 1218 Reatinus,
906 1150 949 1205 sic
975 1146 1108 1205 ollomu
1129 1147 1285 1206 Romanus.
1329 1146 1409 1224 ΑΗ)

225 1255 411 1312 nominantur
437 1251 561 1309 libertini
586 1253 642 1308 orti
667 1269 686 1308 o
708 1249 834 1327 publicis
863 1248 991 1325 aeroisl)
1013 1248 1228 1326 Romani[r]⁶)‚
1254 1253 1304 1324 qui
1323 1267 1411 1308 nunu

226 1359 309 1414 missi
331 1364 397 1413 onte
418 1371 503 1430 pacm
524 1353 576 1411 sub
597 1355 784 1428 moqistrctus
805 1355 917 1410 nomine
944 1356 995 1427 qni
1021 1371 1067 1410 eos
1096 1352 1243 1410 liberarint
1263 1355 1412 1412 succedere

227 1461 379 1535 coeperint.
423 1455 501 1514 Hinc
522 1474 632 1532 quoque
652 1459 768 1514 nomino
789 1455 844 1514 illo
865 1452 976 1514 *Leros
998 1474 1023 1512 e.
1040 1473 1069 1531 q.
1084 1471 1108 1513 s.
1132 1454 1239 1530 (supra
1260 1473 1289 1530 p.
1305 1453 1368 1532 26).

142 1587 162 1652 ¹)
183 1586 237 1640 dici
254 1595 279 1638 et
296 1589 382 1650 Illor.;
407 1585 461 1638 dici
479 1584 550 1637 debet
573 1587 709 1651 proposuit
730 1585 891 1651 Spengelius.
986 1581 1011 1646 l>
1036 1591 1064 1634 ut
1081 1585 1165 1648 Flor.;
1190 1585 1258 1652 quod
1274 1586 1412 1650 Scioppius

138 1683 273 1746 Spengelio
292 1681 431 1746 probante3
450 1679 577 1730 Millerus
595 1680 716 1729 lacunam
735 1679 823 1728 statuit
842 1684 868 1726 et
886 1678 966 1728 multa
985 1677 1106 1728 turbavit.
1201 1674 1225 1740 ³)
1249 1679 1412 1746 proportione

137 1775 253 1824 rationem
272 1773 439 1839 Spengelins,
459 1772 650 1840 proportionem
675 1777 699 1822 et
720 1771 843 1820 rationem
862 1771 938 1836 vulgo
957 1770 1084 1820 scribitur.
1123 1770 1277 1834 Asyudeton
1297 1771 1413 1835 quamvis

138 1868 225 1918 durum
250 1867 352 1917 ridetur
374 1866 479 1916 tolerari
503 1879 592 1930 posse,
619 1865 669 1914 uisi
689 1864 878 1931 proportionem
897 1864 983 1913 delere
1002 1863 1085 1912 malis.
1180 1861 1206 1925 ⁴)
1230 1870 1258 1912 ut
1275 1863 1360 1924 Flor.;
1386 1869 1413 1911 ct

137 1959 266 2010 titilletur.
353 1955 378 2019 Ι)
398 1975 415 2006 α
435 1955 559 2008 libertinis
578 1957 630 2008 orti
645 1953 755 2024 publicio
774 1957 855 2006 aucis
867 1956 951 2018 Flcr.;
972 1955 1231 2006 correxitblbllerus.
1318 1953 1342 2016 6)
1361 1954 1413 2005 llo·

138 2053 212 2102 monii
230 2051 336 2117 scripsi3
356 2049 466 2102 Romani
483 2051 566 2114 Flor.;
585 2048 708 2100 Romania
726 2048 875 2110 Gothanus3
896 2047 1063 2100 Romanenscs
1081 2049 1206 2100 Millerus
1223 2063 1367 2114 perperam.

95 2175 187 2236 Oratio
206 2177 395 2238 subobscura
416 2183 477 2247 est,
505 2181 537 2234 ut
558 2175 646 2233 lacile
667 2174 802 2233 Beckero
825 2173 971 2247 concedo,
998 2175 1051 2234 sed
1074 2175 1222 2234 sententia
1241 2175 1273 2232 in
1296 2175 1414 2232 univcr-

95 2297 150 2338 sum
168 2281 337 2357 perspicua.
379 2277 541 2338 Habebunt
561 2277 653 2356 igitur
675 2286 751 2336 teste
766 2276 904 2336 Varrone
926 2275 972 2336 ab'
986 2277 1104 2356 oppidis
1127 2277 1249 2335 nomina
1269 2277 1413 2354 plerique,

95 2399 145 2440 non
165 2400 279 2454 omnes,
301 2381 433 2441 libertini
454 2401 473 2440 a
494 2380 664 2456 municipiis
686 2399 776 2439 manu
798 2379 898 2452 missi;
921 2381 974 2438 sed
996 2379 1133 2439 similiter
1150 2387 1182 2440 ut
1197 2380 1370 2439 societatum
1386 2389 1415 2438 ot

94 2483 216 2544 senorum
240 2485 319 2544 servi
341 2504 402 2543 non
416 2484 612 2561 aequabiliter
627 2483 771 2541 nominati
788 2493 867 2542 sunt.
900 2481 980 2542 Nam
996 2483 1022 2542 si
1038 2491 1158 2544 servata
1170 2491 1249 2542 esset
1263 2483 1414 2560 analogia,

95 2585 203 2646 libertos
227 2569 311 2646 urbis
332 2586 448 2646 Romae
470 2596 521 2645 eut
542 2585 722 2663 oppidorum
741 2585 849 2644 civium
864 2585 1069 2646 Romanorum
1084 2593 1169 2644 extra
1184 2585 1287 2644 urbem
1304 2586 1415 2663 quique

96 2689 126 2746 ab
144 2689 179 2747 iis
199 2689 425 2749 descendissent
440 2688 568 2767 simplici
584 2689 730 2747 adiectiro
746 2707 765 2745 a
780 2687 877 2746 Roma
891 2687 1025 2746 derivato
1041 2687 1241 2764 designandos
1256 2687 1359 2760 fuisse,
1382 2696 1416 2747 ut

96 2811 122 2848 re
139 2810 205 2851 vera
227 2811 247 2849 a
267 2791 446 2850 Ferentinis
473 2800 504 2851 et
530 2810 549 2848 a
569 2789 706 2849 Reatinis
726 2808 816 2850 manu
837 2790 923 2848 missi
945 2789 1066 2848 nomina
1086 2791 1238 2868 gentilicia
1258 2791 1417 2850 habuerint

98 2893 258 2953 Fauentinus
274 2901 304 2953 et
317 2895 466 2953 Reatinus.
502 2890 623 2952 Gentile
638 2893 717 2951 enim
732 2899 845 2952 tantum
861 2910 978 2964 nomen,
1000 2911 1060 2951 non
1076 2911 1250 2970 cognomen,
1271 2893 1414 2970 originem

98 2993 212 3054 iudicare
234 3004 341 3055 notum
356 3005 420 3055 erat
433 2996 482 3068 iis,
506 2995 612 3071 quibus
625 2993 723 3054 Varro
739 2995 869 3072 scripsit,
891 3003 995 3070 utpote
1008 3011 1058 3054 res
1073 2997 1249 3054 necessaria
1282 2993 1416 3072 Nomina

98 3107 183 3156 autem
196 3098 351 3176 gentilicia
363 3098 394 3156 in
409 3101 474 3156 inus
488 3097 582 3157 fuisse
598 3116 689 3175 supra
702 3097 796 3174 tetigi.
824 3097 932 3174 Itaque
947 3097 1143 3156 nominandos
1157 3097 1249 3156 fuisse
1264 3098 1415 3157 Romano·
1479 3150 1484 3159 .

99 3201 290 3261 conlibertos
304 3201 583 3272 Booscnos3tamen
606 3213 710 3258 contra
732 3200 900 3276 analogiam
916 3198 1073 3258 Romanios
1094 3218 1146 3259 eos
1168 3199 1264 3260 dictos
1279 3219 1345 3261 esse
1368 3198 1417 3276 (ut

99 3301 130 3358 ab
153 3304 285 3362 Aeclanc
312 3302 481 3373 Aeclooios,
508 3322 528 3361 a
552 3300 660 3379 Capua
687 3301 875 3379 Componios,
901 3321 920 3360 a
940 3300 1073 3360 Venafro
1104 3302 1293 3377 Venosronios
1320 3303 1416 3362 dictos

99 3404 245 3481 vidimus),
266 3425 329 3465 non
349 3404 518 3478 Romanos,
540 3403 719 3480 antiquina
745 3412 853 3479 posteo
874 3421 945 3463 vero
968 3423 1028 3463 non
1051 3405 1088 3463 ab
1111 3405 1183 3463 urbe
1205 3424 1313 3465 nomen
1334 3425 1416 3466 acce·

100 3505 176 3579 pisse,
197 3508 250 3567 sed
273 3507 313 3566 ab
334 3507 372 3566 iis
393 3507 629 3584 magistratibus,
652 3507 703 3583 qui
725 3524 776 3565 eos
798 3506 916 3583 publice
938 3525 1027 3566 manu
1049 3507 1216 3580 misissent3
1239 3516 1272 3566 ut
1292 3527 1312 3565 a
1333 3505 1417 3568 Sulla

100 3605 232 3683 Cornelii,
258 3629 279 3667 a
305 3609 450 3685 Pompeio
477 3609 630 3686 Pompeii,
655 3629 674 3667 a
695 3606 826 3668 Caesare
847 3608 918 3668 Iulii
943 3609 1015 3668 dicti
1043 3617 1112 3668 sunt
1138 3618 1168 3668 et
1195 3611 1239 3670 sic
1265 3610 1415 3688 deinceps.

99 3710 129 3768 lu
151 3715 220 3772 crusis
249 3721 349 3771 autem
374 3711 502 3783 formas,
529 3710 566 3769 de
592 3711 702 3788 quibus
727 3710 871 3770 Mirllerus
899 3711 1056 3789 cogitarit,
1083 3731 1138 3788 pro
1164 3712 1325 3788 gentilitiis
1348 3731 1418 3772 nus-

100 3829 175 3887 quam
195 3827 358 3890 usurpatas
380 3833 445 3874 esse
469 3813 690 3891 (praeterquam
713 3833 732 3872 a
754 3813 899 3872 militibus
922 3821 952 3870 et
972 3814 1137 3891 peregrinis
1159 3824 1292 3891 ternpore
1318 3833 1416 3873 recen·

101 3913 180 3992 tiore)
205 3925 332 3976 constat.
375 3915 483 3992 Neque
505 3934 575 3978 vero
600 3934 655 3994 pro
678 3916 832 3974 adiectivis
855 3924 884 3974 ct
906 3917 1134 3994 cognominibus
1155 3918 1326 3993 promiscue
1347 3917 1417 3976 illae

101 4027 159 4076 suut
182 4019 347 4090 adbibitae3
377 4019 499 4095 antiquo
526 4027 605 4078 certe
627 4029 760 4096 tempore
783 4017 943 4077 discrimen
963 4018 1057 4078 fuisse
1078 4021 1156 4079 inter
1177 4019 1417 4078 terminationum

101 4131 254 4192 quaesunt
275 4139 348 4180 onus
376 4131 406 4180 et
427 4124 502 4179 maie
524 4139 610 4179 nsum
632 4121 762 4199 probant
783 4119 925 4180 Caesaris
948 4131 977 4179 et
998 4120 1091 4180 Plinii
1114 4121 1150 4178 de
1172 4121 1227 4180 hac
1248 4142 1280 4180 re
1302 4123 1418 4199 opinio·

102 4239 147 4279 nes
170 4223 317 4296 diversae,
346 4230 483 4281 servatae
511 4241 529 4280 a
555 4223 701 4302 Pompeio
728 4223 924 4300 grammatico
950 4224 980 4282 in
1008 4235 1175 4282 commento
1205 4224 1242 4282 ad
1264 4221 1417 4283 Donatum

102 4321 232 4398 (qr-144,
253 4325 341 4385 19ss.
365 4323 473 4401 Keil.):
502 4329 545 4384 ait
570 4329 612 4384 sic
639 4317 749 4384 Caesar
774 4329 804 4384 in
833 4325 915 4384 libris
942 4327 1093 4402 cnoloqioe
1119 4322 1198 4384 ‘duae
1224 4337 1290 4386 aunt
1315 4327 1418 4398 Albae,

102 4423 153 4482 clia
177 4431 231 4486 ista
256 4445 344 4504 psam
372 4430 499 4486 nouimus
527 4429 557 4484 in
586 4427 690 4486 Aricia
716 4427 922 4504 [scribendum
948 4428 1079 4488 tortasse
1107 4433 1187 4486 iusto
1215 4429 1360 4500 Aricinm3
1388 4433 1419 4488 in

103 4523 204 4589 llarsic
229 4529 357 4589 coniecit
379 4527 609 4606 Nipperdcius],
636 4539 662 4588 et
688 4532 750 4588 olio
776 4531 822 4589 bic
847 4527 878 4588 in
899 4531 991 4588 Italia
1013 4530 1055 4606 [in
1076 4529 1164 4590 Latio
1187 4529 1417 4609 Nipperdeius];

103 4629 207 4690 rdcues
234 4633 359 4692 Romani
386 4634 582 4692 discretionem
602 4633 705 4705 secere
732 4637 801 4692 istos
830 4633 961 4692 Albanos
991 4635 1136 4704 dumont,
1169 4633 1236 4692 illos
1266 4629 1418 4693 Albenses'

104 4771 200 4790 ······
208 4753 216 4805 ς
245 4734 362 4794 Plinius
391 4733 540 4794 Secundus
572 4744 658 4810 nepot
690 4745 715 4793 et
747 4739 789 4794 ait
816 4740 857 4794 sio
882 4731 1090 4810 ‘indifferenter
1115 4735 1186 4795 boec
1214 4731 1416 4796 inueniunncr’.

105 4827 212 4894 Scilicet
236 4836 343 4897 fefellit
370 4835 530 4895 Millerum
557 4835 719 4896 discrimen
746 4837 826 4914 quod
854 4838 1041 4916 grammatici
1067 4845 1184 4897 veteres
1215 4837 1331 4914 aliquot
1358 4849 1418 4898 sta·

104 4943 208 4995 tucrunt
228 4938 321 4998 luisse
342 4939 421 4998 inter
442 4937 595 5017 Hispanos
617 4948 648 4996 et
668 4938 903 5015 Hispanienses,
927 4937 1044 5000 Siculos
1066 4952 1096 4998 et
1117 4937 1289 4999 Sicilienses
1312 4939 1417 5015 (Festi

105 5036 164 5110 cpit
184 5057 211 5114 p.
227 5041 264 5099 60
280 5041 332 5112 ll,
355 5040 415 5098 ulia
435 5040 582 5116 quaedam
604 5041 775 5100 testimonia
796 5041 950 5120 Reisigius
972 5041 1092 5118 collegit
1112 5043 1143 5100 in
1165 5042 1417 5119 praelectionibus

106 5135 136 5194 de
153 5155 267 5214 pamm.
289 5141 357 5202 Lat.
379 5162 410 5221 p.
428 5141 517 5219 164),
544 5151 577 5200 ut
602 5141 633 5200 hi
656 5143 802 5216 advenae,
829 5143 874 5202 illi
895 5144 1013 5203 incolae
1033 5144 1152 5204 luerint.
1196 5145 1301 5222 ltaque
1321 5145 1417 5204 fuisse

108 5233 293 5306 Romanenses
319 5263 380 5304 non
406 5261 496 5321 neg03
523 5263 591 5304 nam
618 5252 737 5321 praeter
756 5247 843 5308 Festi
868 5246 1071 5308 testimonium
1099 5265 1194 5328 eaque
1220 5264 1296 5326 quae
1317 5247 1417 5308 lexica
