<?xml version="1.0" encoding="UTF-8"?>
<!DOCTYPE html PUBLIC "-//W3C//DTD XHTML 1.0 Transitional//EN"
    "http://www.w3.org/TR/xhtml1/DTD/xhtml1-transitional.dtd">
<html xmlns="http://www.w3.org/1999/xhtml" xml:lang="en" lang="en">
 <head>
  <title>
</title>
<meta http-equiv="Content-Type" content="text/html;charset=utf-8" />
  <meta name='ocr-system' content='tesseract 3.04.00' />
  <meta name='ocr-capabilities' content='ocr_page ocr_carea ocr_par ocr_line ocrx_word'/>
</head>
<body>
  <div class='ocr_page' id='page_1' title='image "./ephemerisepigra17instgoog_0146.png"; bbox 0 0 3530 5932; ppageno 0'>
   <div class='ocr_carea' id='block_1_1' title="bbox 495 510 1376 582">
    <p class='ocr_par' dir='ltr' id='par_1_1' title="bbox 495 510 1376 582">
     <span class='ocr_line' id='line_1_1' title="bbox 495 510 1376 582; baseline 0.003 -4"><span class='ocrx_word' id='word_1_1' title='bbox 495 528 570 578; x_wconf 79' lang='lat' dir='ltr'>nnn</span> <span class='ocrx_word' id='word_1_2' title='bbox 590 527 671 580; x_wconf 83' lang='lat' dir='ltr'>oon.</span> <span class='ocrx_word' id='word_1_3' title='bbox 692 528 921 580; x_wconf 74' lang='lat' dir='ltr'>onunnrvnn.</span> <span class='ocrx_word' id='word_1_4' title='bbox 1306 510 1376 582; x_wconf 85' lang='lat'>135</span> 
     </span>
    </p>
   </div>
   <div class='ocr_carea' id='block_1_2' title="bbox 64 699 1507 3235">
    <p class='ocr_par' dir='ltr' id='par_1_2' title="bbox 64 699 1507 3235">
     <span class='ocr_line' id='line_1_2' title="bbox 68 699 1507 779; baseline 0.002 -22"><span class='ocrx_word' id='word_1_5' title='bbox 68 699 124 774; x_wconf 84' lang='lat' dir='ltr'>lpse</span> <span class='ocrx_word' id='word_1_6' title='bbox 141 705 236 756; x_wconf 87' lang='lat' dir='ltr'>sutem</span> <span class='ocrx_word' id='word_1_7' title='bbox 258 699 325 770; x_wconf 85' lang='lat' dir='ltr'>lex,</span> <span class='ocrx_word' id='word_1_8' title='bbox 350 717 441 776; x_wconf 89' lang='lat' dir='ltr'>quem</span> <span class='ocrx_word' id='word_1_9' title='bbox 463 701 496 759; x_wconf 91' lang='lat' dir='ltr'>in</span> <span class='ocrx_word' id='word_1_10' title='bbox 517 701 654 760; x_wconf 90' lang='lat' dir='ltr'>coloniae</span> <span class='ocrx_word' id='word_1_11' title='bbox 676 719 749 760; x_wconf 88' lang='lat' dir='ltr'>sune</span> <span class='ocrx_word' id='word_1_12' title='bbox 772 701 890 778; x_wconf 86' lang='lat' dir='ltr'>legibus</span> <span class='ocrx_word' id='word_1_13' title='bbox 912 699 1025 760; x_wconf 85' lang='lat' dir='ltr'>Caesar</span> <span class='ocrx_word' id='word_1_14' title='bbox 1045 701 1162 779; x_wconf 88' lang='lat' dir='ltr'>posuit,</span> <span class='ocrx_word' id='word_1_15' title='bbox 1190 701 1380 762; x_wconf 82' lang='lat' dir='ltr'>decurionem</span> <span class='ocrx_word' id='word_1_16' title='bbox 1408 702 1507 752; x_wconf 84' lang='lat' dir='ltr'>Urbani</span> 
     </span>
     <span class='ocr_line' id='line_1_3' title="bbox 68 802 1380 880; baseline 0.002 -20"><span class='ocrx_word' id='word_1_17' title='bbox 68 803 117 860; x_wconf 88' lang='lat' dir='ltr'>ieri</span> <span class='ocrx_word' id='word_1_18' title='bbox 139 820 196 860; x_wconf 93' lang='lat' dir='ltr'>non</span> <span class='ocrx_word' id='word_1_19' title='bbox 220 818 312 878; x_wconf 92' lang='lat' dir='ltr'>posse</span> <span class='ocrx_word' id='word_1_20' title='bbox 339 802 397 862; x_wconf 91' lang='lat' dir='ltr'>nisi</span> <span class='ocrx_word' id='word_1_21' title='bbox 424 804 456 861; x_wconf 89' lang='lat' dir='ltr'>in</span> <span class='ocrx_word' id='word_1_22' title='bbox 484 803 555 861; x_wconf 88' lang='lat' dir='ltr'>urbe</span> <span class='ocrx_word' id='word_1_23' title='bbox 582 803 736 880; x_wconf 81' lang='lat' dir='ltr'>degentem</span> <span class='ocrx_word' id='word_1_24' title='bbox 763 803 840 862; x_wconf 86' lang='lat' dir='ltr'>redit</span> <span class='ocrx_word' id='word_1_25' title='bbox 867 803 957 862; x_wconf 86' lang='lat' dir='ltr'>etiam</span> <span class='ocrx_word' id='word_1_26' title='bbox 986 804 1016 862; x_wconf 89' lang='lat' dir='ltr'>in</span> <span class='ocrx_word' id='word_1_27' title='bbox 1037 804 1102 861; x_wconf 88' lang='lat' dir='ltr'>iure</span> <span class='ocrx_word' id='word_1_28' title='bbox 1123 804 1203 879; x_wconf 91' lang='lat' dir='ltr'>qnod</span> <span class='ocrx_word' id='word_1_29' title='bbox 1225 803 1380 873; x_wconf 78' lang='lat' dir='ltr'>hebemus,</span> 
     </span>
     <span class='ocr_line' id='line_1_4' title="bbox 67 902 1379 982; baseline 0.003 -22"><span class='ocrx_word' id='word_1_30' title='bbox 67 921 226 980; x_wconf 88' lang='lat' dir='ltr'>quamquam</span> <span class='ocrx_word' id='word_1_31' title='bbox 254 903 352 964; x_wconf 85' lang='lat' dir='ltr'>adhuc</span> <span class='ocrx_word' id='word_1_32' title='bbox 378 924 486 982; x_wconf 86' lang='lat' dir='ltr'>purum</span> <span class='ocrx_word' id='word_1_33' title='bbox 506 902 710 980; x_wconf 84' lang='lat' dir='ltr'>intellecta¹).</span> <span class='ocrx_word' id='word_1_34' title='bbox 759 906 817 977; x_wconf 83' lang='lat' dir='ltr'>Qui</span> <span class='ocrx_word' id='word_1_35' title='bbox 837 909 868 962; x_wconf 89' lang='lat' dir='ltr'>in</span> <span class='ocrx_word' id='word_1_36' title='bbox 882 907 1021 979; x_wconf 83' lang='lat' dir='ltr'>fraudem</span> <span class='ocrx_word' id='word_1_37' title='bbox 1042 907 1170 976; x_wconf 76' lang='lat' dir='ltr'><strong><em>ordinis,</em></strong></span> <span class='ocrx_word' id='word_1_38' title='bbox 1192 904 1340 982; x_wconf 80' lang='lat' dir='ltr'>Ulpianus</span> <span class='ocrx_word' id='word_1_39' title='bbox 1350 903 1379 982; x_wconf 80' lang='lat'>²)</span> 
     </span>
     <span class='ocr_line' id='line_1_5' title="bbox 67 1006 1380 1084; baseline 0.001 -21"><span class='ocrx_word' id='word_1_40' title='bbox 67 1007 111 1078; x_wconf 88' lang='lat' dir='ltr'>sit,</span> <span class='ocrx_word' id='word_1_41' title='bbox 132 1011 159 1062; x_wconf 92' lang='lat' dir='ltr'>in</span> <span class='ocrx_word' id='word_1_42' title='bbox 184 1006 338 1066; x_wconf 71' lang='lat' dir='ltr'>honoribus</span> <span class='ocrx_word' id='word_1_43' title='bbox 364 1009 510 1082; x_wconf 82' lang='lat' dir='ltr'>perendie,</span> <span class='ocrx_word' id='word_1_44' title='bbox 537 1027 598 1066; x_wconf 86' lang='lat' dir='ltr'>cum</span> <span class='ocrx_word' id='word_1_45' title='bbox 619 1013 692 1066; x_wconf 87' lang='lat' dir='ltr'>inter</span> <span class='ocrx_word' id='word_1_46' title='bbox 714 1027 760 1066; x_wconf 89' lang='lat' dir='ltr'>eos</span> <span class='ocrx_word' id='word_1_47' title='bbox 783 1008 823 1065; x_wconf 85' lang='lat' dir='ltr'>ad</span> <span class='ocrx_word' id='word_1_48' title='bbox 838 1011 950 1084; x_wconf 83' lang='lat' dir='ltr'>primos</span> <span class='ocrx_word' id='word_1_49' title='bbox 972 1009 1093 1068; x_wconf 76' lang='lat' dir='ltr'>honores</span> <span class='ocrx_word' id='word_1_50' title='bbox 1119 1010 1170 1084; x_wconf 88' lang='lat' dir='ltr'>qai</span> <span class='ocrx_word' id='word_1_51' title='bbox 1196 1011 1289 1067; x_wconf 89' lang='lat' dir='ltr'>creari</span> <span class='ocrx_word' id='word_1_52' title='bbox 1311 1025 1380 1084; x_wconf 88' lang='lat' dir='ltr'>pos-</span> 
     </span>
     <span class='ocr_line' id='line_1_6' title="bbox 67 1109 1379 1186; baseline 0.002 -20"><span class='ocrx_word' id='word_1_53' title='bbox 67 1119 114 1173; x_wconf 71' lang='lat' dir='ltr'>sm!</span> <span class='ocrx_word' id='word_1_54' title='bbox 134 1111 161 1165; x_wconf 91' lang='lat' dir='ltr'>in</span> <span class='ocrx_word' id='word_1_55' title='bbox 186 1111 300 1168; x_wconf 83' lang='lat' dir='ltr'>ciuitate</span> <span class='ocrx_word' id='word_1_56' title='bbox 321 1109 596 1186; x_wconf 65' lang='lat' dir='ltr'>numerabantnri),</span> <span class='ocrx_word' id='word_1_57' title='bbox 623 1112 818 1170; x_wconf 75' lang='lat' dir='ltr'>mirandorum</span> <span class='ocrx_word' id='word_1_58' title='bbox 842 1114 983 1169; x_wconf 83' lang='lat' dir='ltr'>maiorum</span> <span class='ocrx_word' id='word_1_59' title='bbox 1009 1129 1122 1170; x_wconf 74' lang='lat' dir='ltr'>merum</span> <span class='ocrx_word' id='word_1_60' title='bbox 1148 1113 1247 1186; x_wconf 79' lang='lat' dir='ltr'>pratia</span> <span class='ocrx_word' id='word_1_61' title='bbox 1274 1111 1315 1168; x_wconf 86' lang='lat' dir='ltr'>ad</span> <span class='ocrx_word' id='word_1_62' title='bbox 1335 1129 1379 1168; x_wconf 90' lang='lat' dir='ltr'>eo·</span> 
     </span>
     <span class='ocr_line' id='line_1_7' title="bbox 67 1211 1379 1287; baseline 0.002 -20"><span class='ocrx_word' id='word_1_63' title='bbox 67 1212 131 1268; x_wconf 86' lang='lat' dir='ltr'>lonae</span> <span class='ocrx_word' id='word_1_64' title='bbox 149 1211 334 1287; x_wconf 73' lang='lat' dir='ltr'>praedicerem</span> <span class='ocrx_word' id='word_1_65' title='bbox 361 1231 391 1270; x_wconf 89' lang='lat' dir='ltr'>se</span> <span class='ocrx_word' id='word_1_66' title='bbox 419 1212 639 1284; x_wconf 72' lang='lat' dir='ltr'>aansmlerunt,</span> <span class='ocrx_word' id='word_1_67' title='bbox 666 1223 697 1270; x_wconf 85' lang='lat' dir='ltr'>at</span> <span class='ocrx_word' id='word_1_68' title='bbox 722 1214 878 1272; x_wconf 82' lang='lat' dir='ltr'>minoribus</span> <span class='ocrx_word' id='word_1_69' title='bbox 905 1214 1095 1284; x_wconf 71' lang='lat' dir='ltr'>subiciantur,</span> <span class='ocrx_word' id='word_1_70' title='bbox 1123 1213 1195 1271; x_wconf 84' lang='lat' dir='ltr'>lanc</span> <span class='ocrx_word' id='word_1_71' title='bbox 1225 1215 1379 1271; x_wconf 73' lang='lat' dir='ltr'>samnatic-</span> 
     </span>
     <span class='ocr_line' id='line_1_8' title="bbox 66 1313 1379 1393; baseline 0.002 -23"><span class='ocrx_word' id='word_1_72' title='bbox 66 1333 114 1370; x_wconf 86' lang='lat' dir='ltr'>mn</span> <span class='ocrx_word' id='word_1_73' title='bbox 136 1313 188 1370; x_wconf 83' lang='lat' dir='ltr'>eidi</span> <span class='ocrx_word' id='word_1_74' title='bbox 214 1332 272 1372; x_wconf 92' lang='lat' dir='ltr'>non</span> <span class='ocrx_word' id='word_1_75' title='bbox 293 1326 490 1390; x_wconf 75' lang='lat' dir='ltr'>parauerunt.-</span> <span class='ocrx_word' id='word_1_76' title='bbox 518 1315 634 1375; x_wconf 88' lang='lat' dir='ltr'>scilicet</span> <span class='ocrx_word' id='word_1_77' title='bbox 660 1315 749 1392; x_wconf 83' lang='lat' dir='ltr'>plane</span> <span class='ocrx_word' id='word_1_78' title='bbox 776 1315 860 1373; x_wconf 93' lang='lat' dir='ltr'>utin</span> <span class='ocrx_word' id='word_1_79' title='bbox 881 1315 947 1393; x_wconf 87' lang='lat' dir='ltr'>lege</span> <span class='ocrx_word' id='word_1_80' title='bbox 969 1323 1029 1385; x_wconf 88' lang='lat' dir='ltr'>est,</span> <span class='ocrx_word' id='word_1_81' title='bbox 1061 1315 1164 1392; x_wconf 89' lang='lat' dir='ltr'>quiin</span> <span class='ocrx_word' id='word_1_82' title='bbox 1190 1315 1263 1374; x_wconf 90' lang='lat' dir='ltr'>urbe</span> <span class='ocrx_word' id='word_1_83' title='bbox 1290 1314 1379 1390; x_wconf 88' lang='lat' dir='ltr'>degit,</span> 
     </span>
     <span class='ocr_line' id='line_1_9' title="bbox 66 1415 1380 1496; baseline 0.002 -26"><span class='ocrx_word' id='word_1_84' title='bbox 66 1415 165 1474; x_wconf 88' lang='lat' dir='ltr'>decurio</span> <span class='ocrx_word' id='word_1_85' title='bbox 190 1415 339 1474; x_wconf 86' lang='lat' dir='ltr'>nominari</span> <span class='ocrx_word' id='word_1_86' title='bbox 366 1424 467 1492; x_wconf 88' lang='lat' dir='ltr'>potest</span> <span class='ocrx_word' id='word_1_87' title='bbox 494 1417 747 1496; x_wconf 78' lang='lat' dir='ltr'>magistratusque</span> <span class='ocrx_word' id='word_1_88' title='bbox 772 1418 883 1489; x_wconf 87' lang='lat' dir='ltr'>creari,</span> <span class='ocrx_word' id='word_1_89' title='bbox 909 1418 940 1476; x_wconf 89' lang='lat' dir='ltr'>in</span> <span class='ocrx_word' id='word_1_90' title='bbox 967 1417 1100 1494; x_wconf 85' lang='lat' dir='ltr'>praediis</span> <span class='ocrx_word' id='word_1_91' title='bbox 1127 1435 1221 1495; x_wconf 85' lang='lat' dir='ltr'>agens</span> <span class='ocrx_word' id='word_1_92' title='bbox 1249 1435 1380 1475; x_wconf 90' lang='lat' dir='ltr'>commu-</span> 
     </span>
     <span class='ocr_line' id='line_1_10' title="bbox 66 1517 1379 1593; baseline 0.002 -20"><span class='ocrx_word' id='word_1_93' title='bbox 66 1517 136 1576; x_wconf 88' lang='lat' dir='ltr'>nibus</span> <span class='ocrx_word' id='word_1_94' title='bbox 161 1527 277 1577; x_wconf 86' lang='lat' dir='ltr'>tantum</span> <span class='ocrx_word' id='word_1_95' title='bbox 306 1519 445 1578; x_wconf 88' lang='lat' dir='ltr'>civilibus</span> <span class='ocrx_word' id='word_1_96' title='bbox 472 1520 645 1579; x_wconf 86' lang='lat' dir='ltr'>muneribus</span> <span class='ocrx_word' id='word_1_97' title='bbox 674 1519 822 1590; x_wconf 87' lang='lat' dir='ltr'>subiacet,</span> <span class='ocrx_word' id='word_1_98' title='bbox 850 1520 914 1593; x_wconf 90' lang='lat' dir='ltr'>rel,</span> <span class='ocrx_word' id='word_1_99' title='bbox 948 1530 980 1578; x_wconf 88' lang='lat' dir='ltr'>nt</span> <span class='ocrx_word' id='word_1_100' title='bbox 1005 1520 1144 1578; x_wconf 85' lang='lat' dir='ltr'>rescribit</span> <span class='ocrx_word' id='word_1_101' title='bbox 1170 1519 1379 1578; x_wconf 81' lang='lat' dir='ltr'>Diocletianus</span> 
     </span>
     <span class='ocr_line' id='line_1_11' title="bbox 66 1620 1379 1698; baseline 0.001 -21"><span class='ocrx_word' id='word_1_102' title='bbox 66 1637 117 1678; x_wconf 85' lang='lat' dir='ltr'>cum</span> <span class='ocrx_word' id='word_1_103' title='bbox 143 1620 321 1697; x_wconf 71' lang='lat' dir='ltr'>collegis4),</span> <span class='ocrx_word' id='word_1_104' title='bbox 354 1631 397 1680; x_wconf 84' lang='lat' dir='ltr'>est</span> <span class='ocrx_word' id='word_1_105' title='bbox 421 1639 530 1694; x_wconf 78' lang='lat' dir='ltr'>caum,</span> <span class='ocrx_word' id='word_1_106' title='bbox 561 1626 611 1698; x_wconf 85' lang='lat' dir='ltr'>qui</span> <span class='ocrx_word' id='word_1_107' title='bbox 635 1625 666 1681; x_wconf 90' lang='lat' dir='ltr'>in</span> <span class='ocrx_word' id='word_1_108' title='bbox 696 1625 836 1681; x_wconf 77' lang='lat' dir='ltr'>temitorio</span> <span class='ocrx_word' id='word_1_109' title='bbox 861 1623 986 1681; x_wconf 83' lang='lat' dir='ltr'>alicuius</span> <span class='ocrx_word' id='word_1_110' title='bbox 1013 1625 1136 1682; x_wconf 80' lang='lat' dir='ltr'>ciuitatis</span> <span class='ocrx_word' id='word_1_111' title='bbox 1163 1631 1379 1691; x_wconf 85' lang='lat' dir='ltr'>commorantur,</span> 
     </span>
     <span class='ocr_line' id='line_1_12' title="bbox 66 1696 1470 1802; baseline 0.001 -24"><span class='ocrx_word' id='word_1_112' title='bbox 66 1723 124 1780; x_wconf 82' lang='lat' dir='ltr'>relat</span> <span class='ocrx_word' id='word_1_113' title='bbox 146 1723 255 1782; x_wconf 87' lang='lat' dir='ltr'>incolas</span> <span class='ocrx_word' id='word_1_114' title='bbox 284 1725 326 1780; x_wconf 86' lang='lat' dir='ltr'>ad</span> <span class='ocrx_word' id='word_1_115' title='bbox 350 1723 498 1782; x_wconf 83' lang='lat' dir='ltr'>subeunda</span> <span class='ocrx_word' id='word_1_116' title='bbox 526 1743 645 1783; x_wconf 85' lang='lat' dir='ltr'>munera</span> <span class='ocrx_word' id='word_1_117' title='bbox 673 1725 719 1783; x_wconf 87' lang='lat' dir='ltr'>uel</span> <span class='ocrx_word' id='word_1_118' title='bbox 745 1725 785 1782; x_wconf 89' lang='lat' dir='ltr'>ad</span> <span class='ocrx_word' id='word_1_119' title='bbox 813 1725 966 1802; x_wconf 82' lang='lat' dir='ltr'>capiendos</span> <span class='ocrx_word' id='word_1_120' title='bbox 994 1725 1114 1782; x_wconf 74' lang='lat' dir='ltr'>honores</span> <span class='ocrx_word' id='word_1_121' title='bbox 1145 1743 1202 1782; x_wconf 90' lang='lat' dir='ltr'>non</span> <span class='ocrx_word' id='word_1_122' title='bbox 1228 1725 1377 1799; x_wconf 80' lang='lat' dir='ltr'>adstrinpi.</span> <span class='ocrx_word' id='word_1_123' title='bbox 1464 1696 1470 1716; x_wconf 48' lang='grc' dir='ltr'><em>Ι</em></span> 
     </span>
     <span class='ocr_line' id='line_1_13' title="bbox 66 1824 1381 1904; baseline 0.003 -24"><span class='ocrx_word' id='word_1_124' title='bbox 66 1824 159 1884; x_wconf 86' lang='lat' dir='ltr'>Eodem</span> <span class='ocrx_word' id='word_1_125' title='bbox 186 1835 306 1903; x_wconf 85' lang='lat' dir='ltr'>spectat</span> <span class='ocrx_word' id='word_1_126' title='bbox 332 1826 412 1903; x_wconf 93' lang='lat' dir='ltr'>quod</span> <span class='ocrx_word' id='word_1_127' title='bbox 440 1826 491 1903; x_wconf 93' lang='lat' dir='ltr'>qui</span> <span class='ocrx_word' id='word_1_128' title='bbox 518 1835 605 1886; x_wconf 85' lang='lat' dir='ltr'>extra</span> <span class='ocrx_word' id='word_1_129' title='bbox 633 1827 775 1904; x_wconf 90' lang='lat' dir='ltr'>oppidum</span> <span class='ocrx_word' id='word_1_130' title='bbox 802 1827 834 1886; x_wconf 92' lang='lat' dir='ltr'>in</span> <span class='ocrx_word' id='word_1_131' title='bbox 861 1827 1012 1886; x_wconf 87' lang='lat' dir='ltr'>territorio</span> <span class='ocrx_word' id='word_1_132' title='bbox 1041 1826 1149 1886; x_wconf 85' lang='lat' dir='ltr'>alicubi</span> <span class='ocrx_word' id='word_1_133' title='bbox 1179 1827 1255 1902; x_wconf 86' lang='lat' dir='ltr'>agit,</span> <span class='ocrx_word' id='word_1_134' title='bbox 1284 1825 1381 1885; x_wconf 89' lang='lat' dir='ltr'>incole</span> 
     </span>
     <span class='ocr_line' id='line_1_14' title="bbox 67 1927 1378 2012; baseline 0.001 -27"><span class='ocrx_word' id='word_1_135' title='bbox 67 1945 118 1984; x_wconf 85' lang='lat' dir='ltr'>esse</span> <span class='ocrx_word' id='word_1_136' title='bbox 135 1927 220 1986; x_wconf 90' lang='lat' dir='ltr'>modo</span> <span class='ocrx_word' id='word_1_137' title='bbox 241 1927 406 2004; x_wconf 78' lang='lat' dir='ltr'>dicitur⁵)‚</span> <span class='ocrx_word' id='word_1_138' title='bbox 433 1929 523 1987; x_wconf 94' lang='lat' dir='ltr'>modo</span> <span class='ocrx_word' id='word_1_139' title='bbox 547 1929 591 1987; x_wconf 84' lang='lat' dir='ltr'>ita</span> <span class='ocrx_word' id='word_1_140' title='bbox 612 1927 792 2008; x_wconf 80' lang='lat' dir='ltr'>negatur⁶),</span> <span class='ocrx_word' id='word_1_141' title='bbox 818 1935 851 1988; x_wconf 87' lang='lat' dir='ltr'>ut</span> <span class='ocrx_word' id='word_1_142' title='bbox 872 1949 909 1987; x_wconf 87' lang='lat' dir='ltr'>ue</span> <span class='ocrx_word' id='word_1_143' title='bbox 931 1928 1020 1988; x_wconf 89' lang='lat' dir='ltr'>liceat</span> <span class='ocrx_word' id='word_1_144' title='bbox 1041 1948 1109 1988; x_wconf 91' lang='lat' dir='ltr'>rnre</span> <span class='ocrx_word' id='word_1_145' title='bbox 1131 1929 1250 2012; x_wconf 83' lang='lat' dir='ltr'>degenti</span> <span class='ocrx_word' id='word_1_146' title='bbox 1277 1929 1378 2004; x_wconf 90' lang='lat' dir='ltr'>oppidi</span> 
     </span>
     <span class='ocr_line' id='line_1_15' title="bbox 66 2025 1378 2108; baseline 0.002 -22"><span class='ocrx_word' id='word_1_147' title='bbox 66 2029 206 2090; x_wconf 85' lang='lat' dir='ltr'>commodis</span> <span class='ocrx_word' id='word_1_148' title='bbox 236 2025 347 2106; x_wconf 68' lang='lat' dir='ltr'>fruil).</span> <span class='ocrx_word' id='word_1_149' title='bbox 391 2027 515 2090; x_wconf 85' lang='lat' dir='ltr'>Scilicet</span> <span class='ocrx_word' id='word_1_150' title='bbox 543 2031 645 2090; x_wconf 85' lang='lat' dir='ltr'>incola</span> <span class='ocrx_word' id='word_1_151' title='bbox 672 2039 719 2091; x_wconf 91' lang='lat' dir='ltr'>est</span> <span class='ocrx_word' id='word_1_152' title='bbox 745 2032 785 2090; x_wconf 88' lang='lat' dir='ltr'>ad</span> <span class='ocrx_word' id='word_1_153' title='bbox 810 2031 940 2108; x_wconf 89' lang='lat' dir='ltr'>reliqua,</span> <span class='ocrx_word' id='word_1_154' title='bbox 968 2051 1028 2090; x_wconf 91' lang='lat' dir='ltr'>non</span> <span class='ocrx_word' id='word_1_155' title='bbox 1056 2039 1103 2090; x_wconf 91' lang='lat' dir='ltr'>est</span> <span class='ocrx_word' id='word_1_156' title='bbox 1124 2031 1230 2093; x_wconf 84' lang='lat' dir='ltr'>¹incola</span> <span class='ocrx_word' id='word_1_157' title='bbox 1259 2031 1297 2088; x_wconf 85' lang='lat' dir='ltr'>ad</span> <span class='ocrx_word' id='word_1_158' title='bbox 1326 2031 1378 2089; x_wconf 92' lang='lat' dir='ltr'>ho·</span> 
     </span>
     <span class='ocr_line' id='line_1_16' title="bbox 66 2131 1379 2212; baseline 0.002 -23"><span class='ocrx_word' id='word_1_159' title='bbox 66 2149 135 2190; x_wconf 87' lang='lat' dir='ltr'>nores</span> <span class='ocrx_word' id='word_1_160' title='bbox 155 2132 335 2209; x_wconf 88' lang='lat' dir='ltr'>similiaque.</span> <span class='ocrx_word' id='word_1_161' title='bbox 375 2131 516 2192; x_wconf 82' lang='lat' dir='ltr'>Ceterum</span> <span class='ocrx_word' id='word_1_162' title='bbox 538 2150 718 2210; x_wconf 82' lang='lat' dir='ltr'>quamquam</span> <span class='ocrx_word' id='word_1_163' title='bbox 739 2153 808 2193; x_wconf 87' lang='lat' dir='ltr'>rure</span> <span class='ocrx_word' id='word_1_164' title='bbox 830 2133 942 2212; x_wconf 84' lang='lat' dir='ltr'>degens</span> <span class='ocrx_word' id='word_1_165' title='bbox 963 2133 1047 2191; x_wconf 93' lang='lat' dir='ltr'>nullo</span> <span class='ocrx_word' id='word_1_166' title='bbox 1069 2139 1204 2209; x_wconf 89' lang='lat' dir='ltr'>tempore</span> <span class='ocrx_word' id='word_1_167' title='bbox 1226 2133 1263 2190; x_wconf 84' lang='lat' dir='ltr'>ed</span> <span class='ocrx_word' id='word_1_168' title='bbox 1285 2133 1379 2191; x_wconf 92' lang='lat' dir='ltr'>hono·</span> 
     </span>
     <span class='ocr_line' id='line_1_17' title="bbox 65 2234 1378 2313; baseline 0.003 -23"><span class='ocrx_word' id='word_1_169' title='bbox 65 2253 102 2292; x_wconf 77' lang='lat' dir='ltr'>res</span> <span class='ocrx_word' id='word_1_170' title='bbox 122 2234 268 2295; x_wconf 75' lang='lat' dir='ltr'>admissus</span> <span class='ocrx_word' id='word_1_171' title='bbox 295 2245 355 2307; x_wconf 88' lang='lat' dir='ltr'>est,</span> <span class='ocrx_word' id='word_1_172' title='bbox 384 2235 453 2294; x_wconf 90' lang='lat' dir='ltr'>inde</span> <span class='ocrx_word' id='word_1_173' title='bbox 480 2254 668 2312; x_wconf 86' lang='lat' dir='ltr'>nequaquam</span> <span class='ocrx_word' id='word_1_174' title='bbox 696 2237 832 2313; x_wconf 88' lang='lat' dir='ltr'>seqnitur</span> <span class='ocrx_word' id='word_1_175' title='bbox 858 2235 952 2295; x_wconf 88' lang='lat' dir='ltr'>cuivis</span> <span class='ocrx_word' id='word_1_176' title='bbox 979 2235 1107 2294; x_wconf 91' lang='lat' dir='ltr'>liberum</span> <span class='ocrx_word' id='word_1_177' title='bbox 1133 2235 1228 2294; x_wconf 79' lang='lat' dir='ltr'>fuisse</span> <span class='ocrx_word' id='word_1_178' title='bbox 1253 2236 1283 2292; x_wconf 91' lang='lat' dir='ltr'>in</span> <span class='ocrx_word' id='word_1_179' title='bbox 1309 2256 1378 2294; x_wconf 89' lang='lat' dir='ltr'>rure</span> 
     </span>
     <span class='ocr_line' id='line_1_18' title="bbox 66 2335 1378 2420; baseline 0.003 -28"><span class='ocrx_word' id='word_1_180' title='bbox 66 2335 261 2413; x_wconf 84' lang='lat' dir='ltr'>potiusquam</span> <span class='ocrx_word' id='word_1_181' title='bbox 288 2335 320 2398; x_wconf 91' lang='lat' dir='ltr'>in</span> <span class='ocrx_word' id='word_1_182' title='bbox 346 2337 458 2414; x_wconf 86' lang='lat' dir='ltr'>oppido</span> <span class='ocrx_word' id='word_1_183' title='bbox 484 2355 582 2416; x_wconf 89' lang='lat' dir='ltr'>egere.</span> <span class='ocrx_word' id='word_1_184' title='bbox 630 2338 724 2397; x_wconf 89' lang='lat' dir='ltr'>lrnmo</span> <span class='ocrx_word' id='word_1_185' title='bbox 750 2357 785 2397; x_wconf 91' lang='lat' dir='ltr'>eo</span> <span class='ocrx_word' id='word_1_186' title='bbox 811 2337 936 2410; x_wconf 84' lang='lat' dir='ltr'>nomine</span> <span class='ocrx_word' id='word_1_187' title='bbox 957 2337 1039 2420; x_wconf 72' lang='lat' dir='ltr'>eirea</span> <span class='ocrx_word' id='word_1_188' title='bbox 1067 2347 1097 2397; x_wconf 93' lang='lat' dir='ltr'>et</span> <span class='ocrx_word' id='word_1_189' title='bbox 1122 2338 1238 2397; x_wconf 85' lang='lat' dir='ltr'>incolae</span> <span class='ocrx_word' id='word_1_190' title='bbox 1266 2337 1378 2397; x_wconf 85' lang='lat' dir='ltr'>diversi</span> 
     </span>
     <span class='ocr_line' id='line_1_19' title="bbox 64 2437 1379 2518; baseline 0.004 -25"><span class='ocrx_word' id='word_1_191' title='bbox 64 2437 120 2496; x_wconf 87' lang='lat' dir='ltr'>iuris</span> <span class='ocrx_word' id='word_1_192' title='bbox 145 2439 283 2498; x_wconf 85' lang='lat' dir='ltr'>ridentur</span> <span class='ocrx_word' id='word_1_193' title='bbox 313 2439 424 2514; x_wconf 84' lang='lat' dir='ltr'>inisse,</span> <span class='ocrx_word' id='word_1_194' title='bbox 455 2449 489 2500; x_wconf 91' lang='lat' dir='ltr'>ut</span> <span class='ocrx_word' id='word_1_195' title='bbox 518 2441 578 2512; x_wconf 92' lang='lat' dir='ltr'>illi,</span> <span class='ocrx_word' id='word_1_196' title='bbox 610 2441 636 2499; x_wconf 91' lang='lat' dir='ltr'>si</span> <span class='ocrx_word' id='word_1_197' title='bbox 667 2441 832 2500; x_wconf 92' lang='lat' dir='ltr'>honoribus</span> <span class='ocrx_word' id='word_1_198' title='bbox 859 2439 1022 2500; x_wconf 89' lang='lat' dir='ltr'>subeundis</span> <span class='ocrx_word' id='word_1_199' title='bbox 1051 2459 1140 2518; x_wconf 87' lang='lat' dir='ltr'>pares</span> <span class='ocrx_word' id='word_1_200' title='bbox 1170 2449 1284 2512; x_wconf 85' lang='lat' dir='ltr'>essent,</span> <span class='ocrx_word' id='word_1_201' title='bbox 1312 2441 1379 2517; x_wconf 84' lang='lat' dir='ltr'>cogi</span> 
     </span>
     <span class='ocr_line' id='line_1_20' title="bbox 66 2541 1380 2622; baseline 0 -22"><span class='ocrx_word' id='word_1_202' title='bbox 66 2553 169 2614; x_wconf 82' lang='lat' dir='ltr'>possem</span> <span class='ocrx_word' id='word_1_203' title='bbox 190 2541 377 2600; x_wconf 89' lang='lat' dir='ltr'>domicilium</span> <span class='ocrx_word' id='word_1_204' title='bbox 405 2543 437 2601; x_wconf 92' lang='lat' dir='ltr'>in</span> <span class='ocrx_word' id='word_1_205' title='bbox 464 2544 607 2622; x_wconf 91' lang='lat' dir='ltr'>oppidum</span> <span class='ocrx_word' id='word_1_206' title='bbox 634 2544 811 2615; x_wconf 78' lang='lat' dir='ltr'>transferre,</span> <span class='ocrx_word' id='word_1_207' title='bbox 839 2543 948 2601; x_wconf 87' lang='lat' dir='ltr'>incolis</span> <span class='ocrx_word' id='word_1_208' title='bbox 975 2551 1075 2601; x_wconf 84' lang='lat' dir='ltr'>autem</span> <span class='ocrx_word' id='word_1_209' title='bbox 1099 2543 1224 2602; x_wconf 83' lang='lat' dir='ltr'>liberum</span> <span class='ocrx_word' id='word_1_210' title='bbox 1247 2552 1329 2602; x_wconf 87' lang='lat' dir='ltr'>esset</span> <span class='ocrx_word' id='word_1_211' title='bbox 1350 2552 1380 2600; x_wconf 89' lang='lat' dir='ltr'>et</span> 
     </span>
     <span class='ocr_line' id='line_1_21' title="bbox 65 2643 1378 2724; baseline 0.004 -27"><span class='ocrx_word' id='word_1_212' title='bbox 65 2643 204 2703; x_wconf 81' lang='lat' dir='ltr'>commodis</span> <span class='ocrx_word' id='word_1_213' title='bbox 240 2653 271 2704; x_wconf 88' lang='lat' dir='ltr'>et</span> <span class='ocrx_word' id='word_1_214' title='bbox 301 2645 442 2704; x_wconf 87' lang='lat' dir='ltr'>oneribus</span> <span class='ocrx_word' id='word_1_215' title='bbox 476 2647 657 2705; x_wconf 86' lang='lat' dir='ltr'>urbanorum</span> <span class='ocrx_word' id='word_1_216' title='bbox 687 2647 799 2724; x_wconf 87' lang='lat' dir='ltr'>puriter</span> <span class='ocrx_word' id='word_1_217' title='bbox 827 2646 985 2705; x_wconf 88' lang='lat' dir='ltr'>abstinere.</span> <span class='ocrx_word' id='word_1_218' title='bbox 1036 2646 1077 2704; x_wconf 88' lang='lat' dir='ltr'>Et</span> <span class='ocrx_word' id='word_1_219' title='bbox 1104 2645 1142 2704; x_wconf 91' lang='lat' dir='ltr'>de</span> <span class='ocrx_word' id='word_1_220' title='bbox 1168 2645 1283 2704; x_wconf 83' lang='lat' dir='ltr'>civibus</span> <span class='ocrx_word' id='word_1_221' title='bbox 1313 2645 1378 2721; x_wconf 91' lang='lat' dir='ltr'>qui·</span> 
     </span>
     <span class='ocr_line' id='line_1_22' title="bbox 66 2743 1378 2824; baseline 0.003 -24"><span class='ocrx_word' id='word_1_222' title='bbox 66 2743 116 2802; x_wconf 85' lang='lat' dir='ltr'>dem</span> <span class='ocrx_word' id='word_1_223' title='bbox 139 2747 282 2823; x_wconf 83' lang='lat' dir='ltr'>cogitavit</span> <span class='ocrx_word' id='word_1_224' title='bbox 303 2745 455 2824; x_wconf 80' lang='lat' dir='ltr'>Ulpianus</span> <span class='ocrx_word' id='word_1_225' title='bbox 481 2767 518 2806; x_wconf 88' lang='lat' dir='ltr'>eo</span> <span class='ocrx_word' id='word_1_226' title='bbox 544 2748 612 2806; x_wconf 93' lang='lat' dir='ltr'>loco</span> <span class='ocrx_word' id='word_1_227' title='bbox 639 2767 727 2824; x_wconf 91' lang='lat' dir='ltr'>quem</span> <span class='ocrx_word' id='word_1_228' title='bbox 754 2747 883 2824; x_wconf 89' lang='lat' dir='ltr'>primum</span> <span class='ocrx_word' id='word_1_229' title='bbox 909 2749 1049 2819; x_wconf 87' lang='lat' dir='ltr'>recitavi,</span> <span class='ocrx_word' id='word_1_230' title='bbox 1077 2747 1116 2806; x_wconf 88' lang='lat' dir='ltr'>od</span> <span class='ocrx_word' id='word_1_231' title='bbox 1140 2747 1256 2806; x_wconf 79' lang='lat' dir='ltr'>incolas</span> <span class='ocrx_word' id='word_1_232' title='bbox 1279 2756 1378 2805; x_wconf 87' lang='lat' dir='ltr'>antem</span> 
     </span>
     <span class='ocr_line' id='line_1_23' title="bbox 66 2846 1378 2925; baseline 0.005 -23"><span class='ocrx_word' id='word_1_233' title='bbox 66 2847 152 2923; x_wconf 85' lang='lat' dir='ltr'>reliqui</span> <span class='ocrx_word' id='word_1_234' title='bbox 175 2861 317 2908; x_wconf 84' lang='lat' dir='ltr'>auctores</span> <span class='ocrx_word' id='word_1_235' title='bbox 344 2857 551 2925; x_wconf 83' lang='lat' dir='ltr'>respexerunt.</span> <span class='ocrx_word' id='word_1_236' title='bbox 601 2849 689 2924; x_wconf 86' lang='lat' dir='ltr'>Quod</span> <span class='ocrx_word' id='word_1_237' title='bbox 716 2851 874 2909; x_wconf 89' lang='lat' dir='ltr'>coufirmat</span> <span class='ocrx_word' id='word_1_238' title='bbox 899 2851 1070 2910; x_wconf 82' lang='lat' dir='ltr'>testamenti</span> <span class='ocrx_word' id='word_1_239' title='bbox 1096 2850 1181 2909; x_wconf 94' lang='lat' dir='ltr'>locus</span> <span class='ocrx_word' id='word_1_240' title='bbox 1207 2849 1286 2908; x_wconf 85' lang='lat' dir='ltr'>tituli</span> <span class='ocrx_word' id='word_1_241' title='bbox 1314 2846 1378 2908; x_wconf 86' lang='lat' dir='ltr'>Sic·</span> 
     </span>
     <span class='ocr_line' id='line_1_24' title="bbox 68 2948 1377 3029; baseline 0.005 -25"><span class='ocrx_word' id='word_1_242' title='bbox 68 2950 180 3027; x_wconf 81' lang='lat' dir='ltr'>censis⁸)</span> <span class='ocrx_word' id='word_1_243' title='bbox 201 2952 268 3010; x_wconf 88' lang='lat' dir='ltr'>hio:</span> <span class='ocrx_word' id='word_1_244' title='bbox 297 2952 355 3027; x_wconf 82' lang='lat' dir='ltr'>ispi</span> <span class='ocrx_word' id='word_1_245' title='bbox 380 2963 473 3011; x_wconf 76' lang='lat' dir='ltr'>ornem</span> <span class='ocrx_word' id='word_1_246' title='bbox 499 2948 635 3012; x_wconf 74' lang='lat' dir='ltr'>debebunt</span> <span class='ocrx_word' id='word_1_247' title='bbox 661 2952 758 3028; x_wconf 89' lang='lat' dir='ltr'>(inter</span> <span class='ocrx_word' id='word_1_248' title='bbox 779 2971 890 3029; x_wconf 88' lang='lat' dir='ltr'>pueros</span> <span class='ocrx_word' id='word_1_249' title='bbox 912 2953 1031 3029; x_wconf 90' lang='lat' dir='ltr'>publice</span> <span class='ocrx_word' id='word_1_250' title='bbox 1053 2952 1192 3029; x_wconf 89' lang='lat' dir='ltr'>alendos)</span> <span class='ocrx_word' id='word_1_251' title='bbox 1212 2953 1377 3027; x_wconf 82' lang='lat' dir='ltr'>municipes,</span> 
     </span>
     <span class='ocr_line' id='line_1_25' title="bbox 68 3053 1378 3132; baseline 0.005 -27"><span class='ocrx_word' id='word_1_252' title='bbox 68 3053 116 3108; x_wconf 82' lang='lat' dir='ltr'>item</span> <span class='ocrx_word' id='word_1_253' title='bbox 133 3055 254 3124; x_wconf 84' lang='lat' dir='ltr'>incolae,</span> <span class='ocrx_word' id='word_1_254' title='bbox 281 3055 431 3113; x_wconf 65' lang='lat' dir='ltr'>domarat</span> <span class='ocrx_word' id='word_1_255' title='bbox 451 3055 575 3124; x_wconf 88' lang='lat' dir='ltr'>incolae,</span> <span class='ocrx_word' id='word_1_256' title='bbox 598 3059 649 3131; x_wconf 85' lang='lat' dir='ltr'>qui</span> <span class='ocrx_word' id='word_1_257' title='bbox 669 3059 748 3114; x_wconf 85' lang='lat' dir='ltr'>intra</span> <span class='ocrx_word' id='word_1_258' title='bbox 769 3058 939 3114; x_wconf 78' lang='lat' dir='ltr'>continentia</span> <span class='ocrx_word' id='word_1_259' title='bbox 961 3055 1088 3112; x_wconf 88' lang='lat' dir='ltr'>coloniae</span> <span class='ocrx_word' id='word_1_260' title='bbox 1108 3063 1222 3113; x_wconf 85' lang='lat' dir='ltr'>nostrae</span> <span class='ocrx_word' id='word_1_261' title='bbox 1245 3055 1378 3132; x_wconf 70' lang='lat' dir='ltr'>aedilicia</span> 
     </span>
     <span class='ocr_line' id='line_1_26' title="bbox 69 3154 1377 3235; baseline 0.002 -25"><span class='ocrx_word' id='word_1_262' title='bbox 69 3154 235 3216; x_wconf 75' lang='lat' dir='ltr'>morabantur.</span> <span class='ocrx_word' id='word_1_263' title='bbox 250 3189 290 3200; x_wconf 96' lang='lat'>-</span> <span class='ocrx_word' id='word_1_264' title='bbox 310 3156 359 3215; x_wconf 83' lang='lat' dir='ltr'>Its</span> <span class='ocrx_word' id='word_1_265' title='bbox 378 3157 429 3235; x_wconf 89' lang='lat' dir='ltr'>qui</span> <span class='ocrx_word' id='word_1_266' title='bbox 444 3157 532 3216; x_wconf 89' lang='lat' dir='ltr'>toties</span> <span class='ocrx_word' id='word_1_267' title='bbox 547 3164 816 3216; x_wconf 84' lang='lat' dir='ltr'>commemorentur</span> <span class='ocrx_word' id='word_1_268' title='bbox 830 3157 861 3215; x_wconf 92' lang='lat' dir='ltr'>in</span> <span class='ocrx_word' id='word_1_269' title='bbox 875 3156 971 3216; x_wconf 87' lang='lat' dir='ltr'>titulis</span> <span class='ocrx_word' id='word_1_270' title='bbox 985 3160 1138 3232; x_wconf 83' lang='lat' dir='ltr'>municipes</span> <span class='ocrx_word' id='word_1_271' title='bbox 1153 3156 1377 3233; x_wconf 80' lang='lat' dir='ltr'>intramurani⁹)</span> 
     </span>
    </p>
   </div>
   <div class='ocr_carea' id='block_1_3' title="bbox 70 3365 248 3381">
    <p class='ocr_par' dir='ltr' id='par_1_3' title="bbox 70 3365 248 3381">
     <span class='ocr_line' id='line_1_27' title="bbox 70 3365 248 3381; baseline 0 0"><span class='ocrx_word' id='word_1_272' title='bbox 70 3365 248 3381; x_wconf 53' lang='lat'>*¹—</span> 
     </span>
    </p>
   </div>
   <div class='ocr_carea' id='block_1_4' title="bbox 69 3531 1378 3929">
    <p class='ocr_par' dir='ltr' id='par_1_4' title="bbox 69 3531 1378 3689">
     <span class='ocr_line' id='line_1_28' title="bbox 128 3531 1378 3599; baseline -0.002 -15"><span class='ocrx_word' id='word_1_273' title='bbox 128 3531 148 3593; x_wconf 88' lang='lat'>¹)</span> <span class='ocrx_word' id='word_1_274' title='bbox 171 3533 329 3599; x_wconf 86' lang='lat' dir='ltr'>Diligentius</span> <span class='ocrx_word' id='word_1_275' title='bbox 348 3545 426 3596; x_wconf 79' lang='lat' dir='ltr'>quem</span> <span class='ocrx_word' id='word_1_276' title='bbox 443 3531 545 3582; x_wconf 78' lang='lat' dir='ltr'>felicius</span> <span class='ocrx_word' id='word_1_277' title='bbox 562 3532 595 3581; x_wconf 91' lang='lat' dir='ltr'>de</span> <span class='ocrx_word' id='word_1_278' title='bbox 613 3532 708 3582; x_wconf 87' lang='lat' dir='ltr'>civium</span> <span class='ocrx_word' id='word_1_279' title='bbox 720 3531 878 3581; x_wconf 87' lang='lat' dir='ltr'>urbanorum</span> <span class='ocrx_word' id='word_1_280' title='bbox 892 3532 1097 3596; x_wconf 81' lang='lat' dir='ltr'>rusticorumque</span> <span class='ocrx_word' id='word_1_281' title='bbox 1111 3531 1262 3584; x_wconf 87' lang='lat' dir='ltr'>condicione</span> <span class='ocrx_word' id='word_1_282' title='bbox 1275 3532 1378 3581; x_wconf 84' lang='lat' dir='ltr'>diverse</span> 
     </span>
     <span class='ocr_line' id='line_1_29' title="bbox 69 3620 513 3689; baseline 0.007 -18"><span class='ocrx_word' id='word_1_283' title='bbox 69 3623 107 3684; x_wconf 75' lang='lat' dir='ltr'>rp‘t</span> <span class='ocrx_word' id='word_1_284' title='bbox 121 3625 192 3675; x_wconf 82' lang='lat' dir='ltr'>lluhn</span> <span class='ocrx_word' id='word_1_285' title='bbox 209 3623 287 3675; x_wconf 72' lang='lat' dir='ltr'>seddi.</span> <span class='ocrx_word' id='word_1_286' title='bbox 307 3620 377 3688; x_wconf 81' lang='lat' dir='ltr'>Vers.</span> <span class='ocrx_word' id='word_1_287' title='bbox 393 3627 417 3686; x_wconf 93' lang='lat'>1,</span> <span class='ocrx_word' id='word_1_288' title='bbox 434 3625 513 3689; x_wconf 77' lang='lat' dir='ltr'>29sq.</span> 
     </span>
    </p>

    <p class='ocr_par' dir='ltr' id='par_1_5' title="bbox 126 3737 418 3809">
     <span class='ocr_line' id='line_1_30' title="bbox 126 3737 418 3809; baseline -0.003 -15"><span class='ocrx_word' id='word_1_289' title='bbox 126 3737 148 3804; x_wconf 82' lang='lat'>²)</span> <span class='ocrx_word' id='word_1_290' title='bbox 172 3743 233 3809; x_wconf 84' lang='lat' dir='ltr'>Dig.</span> <span class='ocrx_word' id='word_1_291' title='bbox 248 3743 294 3808; x_wconf 87' lang='grc'>50,</span> <span class='ocrx_word' id='word_1_292' title='bbox 309 3744 335 3806; x_wconf 87' lang='grc'>5,</span> <span class='ocrx_word' id='word_1_293' title='bbox 354 3745 378 3806; x_wconf 95' lang='grc'>1,</span> <span class='ocrx_word' id='word_1_294' title='bbox 394 3745 418 3793; x_wconf 84' lang='lat'>2.</span> 
     </span>
    </p>

    <p class='ocr_par' dir='ltr' id='par_1_6' title="bbox 127 3856 1061 3929">
     <span class='ocr_line' id='line_1_31' title="bbox 127 3856 1061 3929; baseline -0.004 -17"><span class='ocrx_word' id='word_1_295' title='bbox 127 3857 149 3922; x_wconf 85' lang='lat'>³)</span> <span class='ocrx_word' id='word_1_296' title='bbox 172 3858 290 3914; x_wconf 78' lang='lat' dir='ltr'>Honores</span> <span class='ocrx_word' id='word_1_297' title='bbox 309 3861 395 3914; x_wconf 83' lang='lat' dir='ltr'>creari</span> <span class='ocrx_word' id='word_1_298' title='bbox 407 3861 511 3929; x_wconf 79' lang='lat' dir='ltr'>possint</span> <span class='ocrx_word' id='word_1_299' title='bbox 529 3861 573 3928; x_wconf 86' lang='lat' dir='ltr'>qui</span> <span class='ocrx_word' id='word_1_300' title='bbox 590 3861 618 3910; x_wconf 88' lang='lat' dir='ltr'>in</span> <span class='ocrx_word' id='word_1_301' title='bbox 636 3859 740 3910; x_wconf 84' lang='lat' dir='ltr'>ciuitate</span> <span class='ocrx_word' id='word_1_302' title='bbox 757 3856 952 3924; x_wconf 70' lang='lat' dir='ltr'>armabantur</span> <span class='ocrx_word' id='word_1_303' title='bbox 970 3858 1061 3910; x_wconf 85' lang='lat' dir='ltr'>codex.</span> 
     </span>
    </p>
   </div>
   <div class='ocr_carea' id='block_1_5' title="bbox 126 3977 485 4045">
    <p class='ocr_par' dir='ltr' id='par_1_7' title="bbox 126 3977 485 4045">
     <span class='ocr_line' id='line_1_32' title="bbox 126 3977 485 4045; baseline -0.008 -12"><span class='ocrx_word' id='word_1_304' title='bbox 126 3977 147 4040; x_wconf 83' lang='lat'>⁴)</span> <span class='ocrx_word' id='word_1_305' title='bbox 173 3980 237 4032; x_wconf 69' lang='lat' dir='ltr'>coa</span> <span class='ocrx_word' id='word_1_306' title='bbox 256 3983 321 4033; x_wconf 73' lang='lat' dir='ltr'>ruse</span> <span class='ocrx_word' id='word_1_307' title='bbox 343 3983 387 4045; x_wconf 84' lang='lat' dir='ltr'>rc,</span> <span class='ocrx_word' id='word_1_308' title='bbox 403 3982 446 4044; x_wconf 86' lang='lat' dir='ltr'>eo,</span> <span class='ocrx_word' id='word_1_309' title='bbox 460 3981 485 4031; x_wconf 84' lang='lat' dir='ltr'>e.</span> 
     </span>
    </p>
   </div>
   <div class='ocr_carea' id='block_1_6' title="bbox 66 4093 1378 5048">
    <p class='ocr_par' dir='ltr' id='par_1_8' title="bbox 68 4093 1377 4352">
     <span class='ocr_line' id='line_1_33' title="bbox 127 4093 1377 4166; baseline -0.005 -16"><span class='ocrx_word' id='word_1_310' title='bbox 127 4093 148 4159; x_wconf 81' lang='lat'>⁸)</span> <span class='ocrx_word' id='word_1_311' title='bbox 172 4099 333 4166; x_wconf 87' lang='lat' dir='ltr'>Pomponius</span> <span class='ocrx_word' id='word_1_312' title='bbox 351 4099 476 4165; x_wconf 58' lang='lat' dir='ltr'>nigro,</span> <span class='ocrx_word' id='word_1_313' title='bbox 493 4099 540 4160; x_wconf 88' lang='grc'>16,</span> <span class='ocrx_word' id='word_1_314' title='bbox 555 4099 622 4160; x_wconf 80' lang='lat'>239,</span> <span class='ocrx_word' id='word_1_315' title='bbox 638 4097 668 4148; x_wconf 82' lang='lat'>³:</span> <span class='ocrx_word' id='word_1_316' title='bbox 689 4113 732 4148; x_wconf 87' lang='lat' dir='ltr'>nec</span> <span class='ocrx_word' id='word_1_317' title='bbox 752 4102 846 4146; x_wconf 70' lang='lat' dir='ltr'>cacunem</span> <span class='ocrx_word' id='word_1_318' title='bbox 863 4093 892 4145; x_wconf 86' lang='lat' dir='ltr'>li</span> <span class='ocrx_word' id='word_1_319' title='bbox 910 4097 954 4161; x_wconf 85' lang='lat' dir='ltr'>qui</span> <span class='ocrx_word' id='word_1_320' title='bbox 972 4097 999 4145; x_wconf 90' lang='lat' dir='ltr'>in</span> <span class='ocrx_word' id='word_1_321' title='bbox 1018 4093 1111 4162; x_wconf 83' lang='lat' dir='ltr'>oppido</span> <span class='ocrx_word' id='word_1_322' title='bbox 1130 4101 1260 4145; x_wconf 84' lang='lat' dir='ltr'>morantur</span> <span class='ocrx_word' id='word_1_323' title='bbox 1278 4094 1377 4144; x_wconf 85' lang='lat' dir='ltr'>incolae</span> 
     </span>
     <span class='ocr_line' id='line_1_34' title="bbox 68 4185 1377 4260; baseline -0.005 -19"><span class='ocrx_word' id='word_1_324' title='bbox 68 4185 102 4234; x_wconf 69' lang='lat' dir='ltr'>ted</span> <span class='ocrx_word' id='word_1_325' title='bbox 120 4191 186 4240; x_wconf 69' lang='lat' dir='ltr'>edan</span> <span class='ocrx_word' id='word_1_326' title='bbox 208 4194 254 4259; x_wconf 78' lang='lat' dir='ltr'>qui</span> <span class='ocrx_word' id='word_1_327' title='bbox 274 4192 386 4243; x_wconf 85' lang='lat' dir='ltr'>alicuius</span> <span class='ocrx_word' id='word_1_328' title='bbox 408 4189 498 4260; x_wconf 83' lang='lat' dir='ltr'>oppidi</span> <span class='ocrx_word' id='word_1_329' title='bbox 513 4188 609 4256; x_wconf 77' lang='lat' dir='ltr'>finibus</span> <span class='ocrx_word' id='word_1_330' title='bbox 628 4190 667 4238; x_wconf 85' lang='lat' dir='ltr'>ita</span> <span class='ocrx_word' id='word_1_331' title='bbox 686 4205 775 4254; x_wconf 80' lang='lat' dir='ltr'>aprum</span> <span class='ocrx_word' id='word_1_332' title='bbox 793 4185 896 4248; x_wconf 82' lang='lat' dir='ltr'>labent,</span> <span class='ocrx_word' id='word_1_333' title='bbox 922 4194 950 4236; x_wconf 88' lang='lat' dir='ltr'>nt</span> <span class='ocrx_word' id='word_1_334' title='bbox 965 4189 992 4238; x_wconf 89' lang='lat' dir='ltr'>in</span> <span class='ocrx_word' id='word_1_335' title='bbox 1011 4204 1064 4238; x_wconf 88' lang='lat' dir='ltr'>eum</span> <span class='ocrx_word' id='word_1_336' title='bbox 1082 4203 1108 4238; x_wconf 86' lang='lat' dir='ltr'>se</span> <span class='ocrx_word' id='word_1_337' title='bbox 1127 4188 1203 4254; x_wconf 84' lang='lat' dir='ltr'>quasi</span> <span class='ocrx_word' id='word_1_338' title='bbox 1218 4188 1246 4236; x_wconf 85' lang='lat' dir='ltr'>ia</span> <span class='ocrx_word' id='word_1_339' title='bbox 1265 4187 1377 4253; x_wconf 83' lang='lat' dir='ltr'>aliquam</span> 
     </span>
     <span class='ocr_line' id='line_1_35' title="bbox 69 4277 1356 4352; baseline -0.002 -22"><span class='ocrx_word' id='word_1_340' title='bbox 69 4277 130 4330; x_wconf 63' lang='grc' dir='ltr'>κᾰω</span> <span class='ocrx_word' id='word_1_341' title='bbox 146 4298 211 4333; x_wconf 75' lang='lat' dir='ltr'>mam</span> <span class='ocrx_word' id='word_1_342' title='bbox 228 4287 363 4352; x_wconf 84' lang='lat' dir='ltr'>recipiant.</span> <span class='ocrx_word' id='word_1_343' title='bbox 1354 4277 1356 4284; x_wconf 80' lang='grc'><em>’</em></span> 
     </span>
    </p>

    <p class='ocr_par' dir='ltr' id='par_1_9' title="bbox 69 4383 1376 4554">
     <span class='ocr_line' id='line_1_36' title="bbox 127 4383 1376 4479; baseline -0.006 -27"><span class='ocrx_word' id='word_1_344' title='bbox 127 4397 149 4462; x_wconf 75' lang='lat'>⁶)</span> <span class='ocrx_word' id='word_1_345' title='bbox 173 4402 333 4454; x_wconf 75' lang='lat' dir='ltr'>Modestinus</span> <span class='ocrx_word' id='word_1_346' title='bbox 357 4402 418 4467; x_wconf 75' lang='lat' dir='ltr'>Dtg.</span> <span class='ocrx_word' id='word_1_347' title='bbox 437 4402 487 4464; x_wconf 92' lang='grc'>50,</span> <span class='ocrx_word' id='word_1_348' title='bbox 507 4404 537 4463; x_wconf 94' lang='lat' dir='ltr'>l,</span> <span class='ocrx_word' id='word_1_349' title='bbox 557 4401 605 4452; x_wconf 73' lang='lat'>352</span> <span class='ocrx_word' id='word_1_350' title='bbox 632 4395 725 4449; x_wconf 65' lang='lat' dir='ltr'>sidicat</span> <span class='ocrx_word' id='word_1_351' title='bbox 749 4386 803 4479; x_wconf 67' lang='lat' dir='ltr'>xpri</span> <span class='ocrx_word' id='word_1_352' title='bbox 828 4383 867 4447; x_wconf 71' lang='lat' dir='ltr'>lm</span> <span class='ocrx_word' id='word_1_353' title='bbox 892 4389 906 4447; x_wconf 88' lang='lat' dir='ltr'>e‘</span> <span class='ocrx_word' id='word_1_354' title='bbox 933 4395 956 4448; x_wconf 83' lang='lat' dir='ltr'>lu</span> <span class='ocrx_word' id='word_1_355' title='bbox 980 4391 1045 4466; x_wconf 65' lang='grc' dir='ltr'>ἀγρῷ</span> <span class='ocrx_word' id='word_1_356' title='bbox 1071 4392 1209 4466; x_wconf 73' lang='lat' dir='ltr'>resupinus</span> <span class='ocrx_word' id='word_1_357' title='bbox 1229 4385 1329 4454; x_wconf 61' lang='lat' dir='ltr'>inuitae</span> <span class='ocrx_word' id='word_1_358' title='bbox 1349 4388 1376 4445; x_wconf 80' lang='lat' dir='ltr'>eri</span> 
     </span>
     <span class='ocr_line' id='line_1_37' title="bbox 69 4483 180 4554; baseline 0.018 -24"><span class='ocrx_word' id='word_1_359' title='bbox 69 4483 180 4554; x_wconf 67' lang='grc' dir='ltr'>ιομῖζηιι,</span> 
     </span>
    </p>

    <p class='ocr_par' dir='ltr' id='par_1_10' title="bbox 66 4594 1378 5048">
     <span class='ocr_line' id='line_1_38' title="bbox 128 4594 1376 4680; baseline -0.007 -17"><span class='ocrx_word' id='word_1_360' title='bbox 128 4605 150 4670; x_wconf 80' lang='lat'>¹)</span> <span class='ocrx_word' id='word_1_361' title='bbox 175 4613 334 4665; x_wconf 68' lang='lat' dir='ltr'>Modestinus</span> <span class='ocrx_word' id='word_1_362' title='bbox 348 4615 366 4664; x_wconf 93' lang='lat' dir='ltr'>l.</span> <span class='ocrx_word' id='word_1_363' title='bbox 380 4630 416 4664; x_wconf 81' lang='lat' dir='ltr'>o.e</span> <span class='ocrx_word' id='word_1_364' title='bbox 438 4603 451 4661; x_wconf 79' lang='grc' dir='ltr'>ὅ</span> <span class='ocrx_word' id='word_1_365' title='bbox 469 4602 516 4680; x_wconf 78' lang='lat' dir='ltr'>yolp</span> <span class='ocrx_word' id='word_1_366' title='bbox 537 4605 627 4672; x_wconf 75' lang='grc' dir='ltr'><em>ἐκιίνης</em></span> <span class='ocrx_word' id='word_1_367' title='bbox 643 4607 687 4674; x_wconf 78' lang='grc' dir='ltr'>τῆς</span> <span class='ocrx_word' id='word_1_368' title='bbox 704 4597 803 4666; x_wconf 73' lang='lat' dir='ltr'>ne&#39;lroc</span> <span class='ocrx_word' id='word_1_369' title='bbox 822 4605 959 4677; x_wconf 72' lang='grc' dir='ltr'><strong>ἔξαιρίτοις</strong></span> <span class='ocrx_word' id='word_1_370' title='bbox 978 4597 1011 4678; x_wconf 67' lang='lat' dir='ltr'>pri</span> <span class='ocrx_word' id='word_1_371' title='bbox 1031 4597 1160 4678; x_wconf 68' lang='grc' dir='ltr'><strong><em>χρῶμενος</em></strong></span> <span class='ocrx_word' id='word_1_372' title='bbox 1179 4594 1252 4664; x_wconf 69' lang='grc' dir='ltr'>οὕτως</span> <span class='ocrx_word' id='word_1_373' title='bbox 1266 4599 1294 4655; x_wconf 80' lang='lat' dir='ltr'>eri</span> <span class='ocrx_word' id='word_1_374' title='bbox 1306 4601 1376 4673; x_wconf 83' lang='grc' dir='ltr'>νομί-</span> 
     </span>
     <span class='ocr_line' id='line_1_39' title="bbox 68 4691 1375 4772; baseline -0.008 -14"><span class='ocrx_word' id='word_1_375' title='bbox 68 4693 122 4758; x_wconf 64' lang='lat' dir='ltr'>lffss</span> <span class='ocrx_word' id='word_1_376' title='bbox 139 4691 241 4763; x_wconf 61' lang='grc' dir='ltr'>[πόλις.</span> <span class='ocrx_word' id='word_1_377' title='bbox 272 4703 457 4772; x_wconf 72' lang='lat' dir='ltr'>lllpiannsdo,</span> <span class='ocrx_word' id='word_1_378' title='bbox 474 4707 497 4766; x_wconf 93' lang='lat'>1,</span> <span class='ocrx_word' id='word_1_379' title='bbox 513 4705 556 4766; x_wconf 74' lang='lat'>29,</span> <span class='ocrx_word' id='word_1_380' title='bbox 573 4705 601 4754; x_wconf 90' lang='lat' dir='ltr'>l:</span> <span class='ocrx_word' id='word_1_381' title='bbox 622 4703 646 4752; x_wconf 83' lang='lat' dir='ltr'>ei</span> <span class='ocrx_word' id='word_1_382' title='bbox 664 4704 721 4769; x_wconf 74' lang='lat' dir='ltr'>ques</span> <span class='ocrx_word' id='word_1_383' title='bbox 737 4703 840 4768; x_wconf 79' lang='lat' dir='ltr'>nepotia</span> <span class='ocrx_word' id='word_1_384' title='bbox 858 4719 905 4752; x_wconf 83' lang='lat' dir='ltr'>sua</span> <span class='ocrx_word' id='word_1_385' title='bbox 922 4718 972 4752; x_wconf 89' lang='lat' dir='ltr'>nen</span> <span class='ocrx_word' id='word_1_386' title='bbox 990 4701 1017 4751; x_wconf 83' lang='lat' dir='ltr'>in</span> <span class='ocrx_word' id='word_1_387' title='bbox 1036 4701 1137 4751; x_wconf 87' lang='lat' dir='ltr'>colonia</span> <span class='ocrx_word' id='word_1_388' title='bbox 1155 4699 1193 4762; x_wconf 77' lang='lat' dir='ltr'>(id</span> <span class='ocrx_word' id='word_1_389' title='bbox 1206 4701 1284 4749; x_wconf 89' lang='lat' dir='ltr'>estin</span> <span class='ocrx_word' id='word_1_390' title='bbox 1297 4699 1375 4760; x_wconf 86' lang='lat' dir='ltr'>rure),</span> 
     </span>
     <span class='ocr_line' id='line_1_40' title="bbox 70 4790 1378 4866; baseline 0.001 -28"><span class='ocrx_word' id='word_1_391' title='bbox 70 4791 104 4838; x_wconf 79' lang='lat' dir='ltr'>red</span> <span class='ocrx_word' id='word_1_392' title='bbox 117 4794 140 4842; x_wconf 85' lang='lat' dir='ltr'>iu</span> <span class='ocrx_word' id='word_1_393' title='bbox 155 4799 286 4866; x_wconf 67' lang='lat' dir='ltr'>numidpic</span> <span class='ocrx_word' id='word_1_394' title='bbox 305 4813 400 4865; x_wconf 81' lang='lat' dir='ltr'>semper</span> <span class='ocrx_word' id='word_1_395' title='bbox 419 4799 481 4864; x_wconf 78' lang='lat' dir='ltr'>opit,</span> <span class='ocrx_word' id='word_1_396' title='bbox 500 4797 528 4846; x_wconf 81' lang='lat' dir='ltr'>in</span> <span class='ocrx_word' id='word_1_397' title='bbox 546 4795 593 4846; x_wconf 85' lang='lat' dir='ltr'>illo</span> <span class='ocrx_word' id='word_1_398' title='bbox 612 4793 698 4845; x_wconf 81' lang='lat' dir='ltr'>cendit</span> <span class='ocrx_word' id='word_1_399' title='bbox 716 4795 774 4844; x_wconf 84' lang='lat' dir='ltr'>emit</span> <span class='ocrx_word' id='word_1_400' title='bbox 792 4793 925 4857; x_wconf 73' lang='lat' dir='ltr'>contrahit,</span> <span class='ocrx_word' id='word_1_401' title='bbox 945 4797 972 4843; x_wconf 85' lang='lat' dir='ltr'>in</span> <span class='ocrx_word' id='word_1_402' title='bbox 990 4809 1018 4844; x_wconf 86' lang='lat' dir='ltr'>eo</span> <span class='ocrx_word' id='word_1_403' title='bbox 1030 4792 1094 4859; x_wconf 80' lang='lat' dir='ltr'>soro</span> <span class='ocrx_word' id='word_1_404' title='bbox 1114 4790 1212 4842; x_wconf 82' lang='lat' dir='ltr'>balineo</span> <span class='ocrx_word' id='word_1_405' title='bbox 1225 4790 1378 4859; x_wconf 85' lang='lat' dir='ltr'>spectaculis</span> 
     </span>
     <span class='ocr_line' id='line_1_41' title="bbox 70 4883 1375 4955; baseline -0.005 -17"><span class='ocrx_word' id='word_1_406' title='bbox 70 4889 143 4946; x_wconf 62' lang='lat' dir='ltr'>wira,</span> <span class='ocrx_word' id='word_1_407' title='bbox 165 4887 201 4938; x_wconf 80' lang='lat' dir='ltr'>idi</span> <span class='ocrx_word' id='word_1_408' title='bbox 214 4889 298 4955; x_wconf 86' lang='lat' dir='ltr'>sestes</span> <span class='ocrx_word' id='word_1_409' title='bbox 321 4889 378 4940; x_wconf 80' lang='lat' dir='ltr'>dies</span> <span class='ocrx_word' id='word_1_410' title='bbox 401 4887 522 4951; x_wconf 80' lang='lat' dir='ltr'>celebrat,</span> <span class='ocrx_word' id='word_1_411' title='bbox 549 4885 661 4940; x_wconf 76' lang='lat' dir='ltr'>omnibus</span> <span class='ocrx_word' id='word_1_412' title='bbox 680 4885 786 4954; x_wconf 84' lang='lat' dir='ltr'>denique</span> <span class='ocrx_word' id='word_1_413' title='bbox 803 4887 935 4954; x_wconf 75' lang='lat' dir='ltr'>maniapn·</span> <span class='ocrx_word' id='word_1_414' title='bbox 952 4885 1099 4947; x_wconf 84' lang='lat' dir='ltr'>conunodis,</span> <span class='ocrx_word' id='word_1_415' title='bbox 1125 4884 1204 4934; x_wconf 84' lang='lat' dir='ltr'>nullis</span> <span class='ocrx_word' id='word_1_416' title='bbox 1222 4883 1375 4934; x_wconf 79' lang='lat' dir='ltr'>coloniarum</span> 
     </span>
     <span class='ocr_line' id='line_1_42' title="bbox 66 4965 1350 5048; baseline -0.005 -16"><span class='ocrx_word' id='word_1_417' title='bbox 66 4971 153 5041; x_wconf 58' lang='grc' dir='ltr'>ΜΨ,</span> <span class='ocrx_word' id='word_1_418' title='bbox 169 4980 296 5044; x_wconf 78' lang='lat' dir='ltr'>[uidetur]</span> <span class='ocrx_word' id='word_1_419' title='bbox 312 4981 352 5032; x_wconf 85' lang='lat' dir='ltr'>ibi</span> <span class='ocrx_word' id='word_1_420' title='bbox 368 4983 450 5048; x_wconf 74' lang='lat' dir='ltr'>napis</span> <span class='ocrx_word' id='word_1_421' title='bbox 467 4979 560 5032; x_wconf 75' lang='lat' dir='ltr'>latere</span> <span class='ocrx_word' id='word_1_422' title='bbox 579 4981 730 5032; x_wconf 79' lang='lat' dir='ltr'>domicilium</span> <span class='ocrx_word' id='word_1_423' title='bbox 751 4996 823 5046; x_wconf 83' lang='lat' dir='ltr'>quom</span> <span class='ocrx_word' id='word_1_424' title='bbox 841 4977 886 5028; x_wconf 82' lang='lat' dir='ltr'>ndi</span> <span class='ocrx_word' id='word_1_425' title='bbox 903 4977 1004 5028; x_wconf 84' lang='lat' dir='ltr'>colendi</span> <span class='ocrx_word' id='word_1_426' title='bbox 1022 4993 1101 5028; x_wconf 87' lang='lat' dir='ltr'>causa</span> <span class='ocrx_word' id='word_1_427' title='bbox 1119 4975 1274 5027; x_wconf 81' lang='lat' dir='ltr'>deversatur.</span> <span class='ocrx_word' id='word_1_428' title='bbox 1345 4965 1350 4980; x_wconf 68' lang='lat'><strong>¹</strong></span> 
     </span>
    </p>
   </div>
   <div class='ocr_carea' id='block_1_7' title="bbox 130 5093 625 5277">
    <p class='ocr_par' dir='ltr' id='par_1_11' title="bbox 130 5093 625 5277">
     <span class='ocr_line' id='line_1_43' title="bbox 130 5093 625 5168; baseline -0.002 -18"><span class='ocrx_word' id='word_1_429' title='bbox 130 5093 152 5158; x_wconf 72' lang='grc' dir='ltr'>ο)</span> <span class='ocrx_word' id='word_1_430' title='bbox 176 5097 272 5150; x_wconf 69' lang='lat' dir='ltr'>Guirin</span> <span class='ocrx_word' id='word_1_431' title='bbox 291 5117 347 5168; x_wconf 79' lang='lat' dir='ltr'>roy.</span> <span class='ocrx_word' id='word_1_432' title='bbox 364 5117 395 5150; x_wconf 86' lang='lat' dir='ltr'>en</span> <span class='ocrx_word' id='word_1_433' title='bbox 418 5097 521 5150; x_wconf 81' lang='lat' dir='ltr'>Tunisr&#39;e</span> <span class='ocrx_word' id='word_1_434' title='bbox 539 5102 565 5162; x_wconf 73' lang='lat'>2,</span> <span class='ocrx_word' id='word_1_435' title='bbox 581 5099 625 5150; x_wconf 83' lang='grc'>59.</span> 
     </span>
     <span class='ocr_line' id='line_1_44' title="bbox 131 5211 427 5277; baseline 0 -9"><span class='ocrx_word' id='word_1_436' title='bbox 131 5211 154 5277; x_wconf 78' lang='lat' dir='ltr'>’l</span> <span class='ocrx_word' id='word_1_437' title='bbox 178 5215 257 5268; x_wconf 86' lang='lat' dir='ltr'>Orelli</span> <span class='ocrx_word' id='word_1_438' title='bbox 273 5220 333 5269; x_wconf 92' lang='grc'><strong>110.</strong></span> <span class='ocrx_word' id='word_1_439' title='bbox 347 5219 427 5270; x_wconf 82' lang='grc'><strong>3706.</strong></span> 
     </span>
    </p>
   </div>
   <div class='ocr_carea' id='block_1_8' title="bbox 0 0 1770 5932">
    <p class='ocr_par' dir='ltr' id='par_1_12' title="bbox 0 0 1770 5932">
     <span class='ocr_line' id='line_1_45' title="bbox 0 0 1770 5932; baseline 0 0"><span class='ocrx_word' id='word_1_440' title='bbox 0 0 1770 5932; x_wconf 95' lang='lat' dir='ltr'> </span> 
     </span>
    </p>
   </div>
  </div>
 </body>
</html>
