3530 5932
383 513 453 584 148
813 529 1115 580 ΑυυιτΑΜΕΝΤνΜ
1135 531 1220 580 voc.
1240 532 1268 580 rr

376 717 445 766 vato
473 706 670 764 manumissio
697 711 855 782 patronum
883 704 968 777 facit,
996 703 1039 762 ita
1064 703 1092 761 in
1124 703 1187 762 iure
1214 703 1347 779 publico,
1370 704 1532 782 aliquando
1560 705 1627 764 iecit
1649 706 1690 766 de·

375 810 475 868 ductio
498 810 546 867 vel
572 809 603 865 in
629 808 718 866 iidem
742 809 882 886 receptio.
904 841 942 850 -
971 806 1066 864 Aliud
1087 815 1135 865 est
1156 805 1253 866 adhuc
1274 809 1425 883 ignotum,
1453 807 1512 866 iam
1534 826 1603 866 vero
1622 819 1691 886 pate·

374 912 503 982 factum,
530 920 699 969 senatorem
727 911 831 987 populi
852 910 983 968 Romani
1008 910 1160 985 liliumque
1182 910 1330 968 senatoris
1352 918 1511 988 patronum
1534 912 1622 968 creari
1643 931 1691 969 non

375 1015 509 1090 potuisse
531 1033 567 1071 eo
590 1023 722 1090 tempore
745 1031 805 1089 quo
827 1013 985 1088 imperium
1009 1012 1156 1071 obtineret
1176 1011 1245 1070 inve
1267 1012 1421 1087 provincia
1442 1021 1537 1085 esset3
1559 1013 1693 1089 qaodcur

374 1115 577 1175 introductum
601 1116 648 1189 sit,
671 1115 915 1194 lacileapparet.
954 1113 1098 1176 Similiter
1113 1116 1268 1193 Augustus
1290 1115 1524 1192 provincialibus
1546 1115 1692 1187 interdixit,

375 1239 411 1278 ne
440 1220 488 1277 cui
517 1217 704 1295 magistratui
734 1226 868 1296 tempore
896 1218 1089 1294 magistratus
1118 1217 1234 1275 intrare
1263 1215 1322 1275 LX
1351 1215 1416 1276 dies
1450 1229 1521 1294 post
1548 1237 1612 1276 eum
1639 1219 1693 1276 fini·

375 1329 438 1380 tnm
464 1322 606 1380 honorem
635 1319 830 1396 baberenti).
878 1321 1059 1378 Patronatus
1087 1327 1185 1378 tamen
1213 1320 1412 1378 instrumenta
1444 1338 1522 1396 quae
1550 1332 1695 1399 supersunt

375 1444 412 1482 ne
441 1423 573 1482 melioris
602 1424 723 1499 quidem
751 1423 858 1484 aetatis
888 1442 955 1480 cum
985 1443 1021 1480 ea
1049 1422 1115 1500 lege
1142 1422 1216 1482 satis
1243 1422 1431 1497 conspirant;
1460 1441 1530 1481 nam
1556 1443 1619 1481 curn
1644 1443 1693 1480 non
1762 1467 1763 1470 ,

375 1527 474 1585 desint
495 1526 536 1584 ibi
558 1528 707 1603 equestris
731 1527 842 1586 ordinis
863 1526 982 1603 patroni
1005 1544 1041 1584 eo
1063 1533 1197 1602 tempore
1218 1526 1319 1598 creati,
1342 1543 1404 1601 quo
1425 1527 1455 1584 in
1471 1525 1623 1603 provincia
1640 1527 1694 1584 otfi-
1762 1501 1763 1522 Χ

375 1630 422 1687 cio
445 1629 687 1705 iungerentur1)‚
717 1639 777 1688 tres
800 1638 878 1687 certe
899 1629 971 1687 item
993 1629 1111 1706 repperi
1134 1627 1270 1688 similiter
1292 1639 1408 1686 creatos
1429 1637 1573 1706 patronos
1594 1629 1694 1687 ordinis

376 1732 534 1803 senatorii,
563 1731 678 1790 scilicet
697 1731 733 1790 L.
757 1731 924 1790 Domitium
946 1732 1180 1794 Ahenobarbum
1208 1749 1275 1788 cum
1301 1730 1464 1808 proconsul
1486 1740 1567 1790 essct
1588 1731 1695 1789 Africae

376 1852 402 1891 a
420 1854 448 1891 u.
464 1853 488 1892 c.
507 1833 567 1892 742
590 1834 632 1910 (v.
655 1855 684 1912 p.
704 1834 760 1891 147
785 1834 854 1892 adn.
872 1833 915 1910 5),
938 1833 975 1908 Q.
999 1835 1106 1893 lulium
1130 1833 1299 1894 Secundum
1323 1852 1389 1891 cum
1412 1833 1531 1911 legatus
1554 1843 1632 1892 essct
1650 1853 1694 1912 pro

376 1943 513 2013 praetore
535 1934 698 1995 Numidiae
721 1955 797 2013 ap.
820 1935 891 1996 Chr.
914 1939 952 1996 55
980 1937 1168 2012 (Wilmanns
1192 1957 1220 1994 n.
1237 1935 1354 2011 2852),
1381 1933 1417 1994 O.
1441 1935 1568 1994 Marium
1591 1935 1695 1994 Puden·

376 2048 435 2097 tem
457 2036 685 2110 Cornelianum,
715 2015 925 2116 eum'legatus
952 2049 1033 2098 esset
1053 2040 1181 2117 legionis
1203 2058 1229 2098 a.
1248 2037 1306 2128 222
1336 2022 1448 2110 (Orelli
1469 2037 1554 2114 956).
1599 2035 1696 2111 Quan-

377 2160 466 2219 quam
494 2140 604 2218 opponi
632 2149 743 2218 potest,
770 2142 796 2199 si
823 2142 991 2220 praesidem
1017 2149 1175 2220 patronum
1200 2141 1344 2218 adoptare
1366 2141 1546 2219 generaliter
1566 2141 1696 2208 licuisset,

374 2246 464 2320 lunge
486 2245 574 2320 plura
595 2243 659 2303 eins
680 2245 799 2321 generis
821 2244 1019 2303 instrumenta
1040 2263 1095 2304 nos
1116 2245 1257 2303 habitura
1278 2244 1386 2316 luisse,
1414 2251 1572 2321 potestque
1594 2263 1640 2302 res
1661 2245 1697 2302 sic
1763 2253 1764 2284 ³

376 2347 522 2424 explicari
543 2347 640 2424 legem
663 2367 738 2418 eam,
764 2365 852 2423 quam
878 2346 1066 2406 Ursonenses
1088 2347 1265 2418 babuerunt,
1288 2364 1436 2424 peraeque
1458 2347 1633 2419 obtinuisse,
1653 2346 1697 2404 sed

375 2468 433 2506 non
464 2468 532 2507 raro
560 2458 663 2508 contra
692 2469 757 2508 eam
788 2457 930 2526 patronos
962 2450 1121 2527 adoptatos
1150 2467 1217 2508 esse
1246 2458 1297 2510 aut
1328 2457 1502 2528 contemptu
1532 2450 1598 2509 eius
1625 2452 1697 2528 igno·

375 2551 511 2611 rantiave
534 2559 585 2610 aut
606 2553 755 2628 permissu
777 2548 1017 2630 imperatoris³).

231 2893 369 2955 Magistra·
462 2880 684 2957 Maqistratibus
707 2901 797 2958 proce
822 2886 991 2957 mapistrata
1014 2882 1120 2958 populi
1139 2881 1263 2939 Romani
1285 2882 1344 2952 7,]
1374 2880 1421 2939 ius
1449 2881 1538 2940 datur
1562 2883 1595 2941 in
1622 2883 1698 2940 decu·

232 2967 513 3090 tioiiiiiiriffl'ibus
541 2985 628 3042 ludos
659 2984 828 3061 spectandi3
864 2985 953 3042 etiarn
980 2983 1061 3060 quod
1089 2983 1225 3060 sequitur
1251 2987 1334 3059 quive
1363 2986 1421 3042 iuri
1449 2986 1573 3044 dicundo
1598 2993 1700 3062 praerat

377 3104 468 3163 supra
494 3106 523 3162 p.
542 3085 600 3144 132
629 3087 731 3145 monui
761 3105 820 3145 non
847 3085 886 3144 ad
913 3085 1048 3145 coloniae
1075 3085 1268 3164 magistratus
1290 3087 1439 3161 pertinere
1461 3087 1572 3158 rideri,
1600 3088 1649 3147 sed
1668 3087 1699 3144 ad

375 3189 492 3265 legatos
513 3189 747 3265 adsessoresque
768 3189 989 3266 proconsulum.
1023 3188 1185 3247 Praeterea
1205 3191 1389 3264 mapistratas
1408 3197 1593 3267 potestasque
1608 3189 1701 3267 populi

375 3293 499 3350 Romani
514 3290 543 3362 2,
559 3289 608 3348 24.
625 3292 665 3349 34
688 3304 956 3351 commemorantur
977 3293 1053 3350 inter
1074 3309 1191 3363 causas,
1213 3301 1334 3368 propter
1357 3309 1432 3368 quas
1452 3301 1481 3350 et
1494 3292 1596 3350 Ilviro
1610 3301 1638 3351 et
1651 3291 1700 3350 ciri

376 3395 466 3453 liceat
491 3393 529 3452 ad
552 3411 674 3452 causam
698 3412 716 3452 a
738 3412 771 3452 se
794 3396 939 3470 agendam
961 3413 1021 3452 non
1043 3392 1159 3453 adesse.
1204 3393 1327 3452 Senator
1348 3399 1542 3471 creatorisque
1557 3397 1640 3472 filius
1656 3413 1700 3471 po-

372 3496 438 3574 puli
459 3497 583 3555 Romani
609 3496 718 3572 quibus
745 3496 973 3555 condicionibus
1000 3496 1117 3572 patroni
1143 3496 1278 3572 hospites
1304 3496 1439 3573 adoptari
1461 3497 1596 3574 possint,
1623 3497 1699 3556 modo

376 3598 521 3669 vidimus3
549 3599 621 3656 item
647 3619 676 3674 p.
700 3598 757 3656 132
785 3599 891 3658 iisdem
918 3600 1006 3676 eique
1031 3598 1083 3675 qui
1112 3607 1231 3656 senator
1257 3597 1347 3658 luerit
1371 3601 1418 3658 ius
1448 3599 1539 3659 tribui
1565 3600 1650 3659 Indos
1675 3599 1700 3654 in

376 3700 587 3760 decurionibus
609 3701 772 3778 spectandi.
813 3701 896 3760 Idem
919 3703 967 3760 ius
991 3701 1054 3770 7,4
1076 3701 1248 3760 conceditur
1265 3704 1411 3778 praesecto
1426 3703 1549 3779 sairam
1571 3707 1629 3760 eius
1650 3719 1699 3758 rna·

329 3866 332 3876 Δ
375 3809 513 3882 pistratas
536 3822 628 3879 proce
650 3807 834 3879 maqistrutu,
862 3807 913 3881 qui
933 3804 1109 3881 Hispaniam
1130 3803 1292 3863 ulteriorem
1314 3803 1459 3876 obtinebit3
1487 3805 1524 3864 de
1544 3823 1606 3881 qua
1627 3823 1700 3881 prae·

375 3909 454 3967 fecto
486 3905 634 3983 equestris
669 3905 782 3964 ordinis
810 3907 930 3966 homine
958 3906 1025 3966 vide
1053 3925 1130 3983 quae
1159 3905 1222 3964 dixi
1252 3905 1433 3966 Stoatsrecltt
1464 3906 1588 3977 1,102.
1616 3907 1648 3976 2,
1667 3905 1699 3963 92

377 4013 576 4085 dixeruntque
603 4025 679 4084 quos
706 4010 747 4068 ibi
769 4010 867 4067 citavi.
890 4045 929 4055 -
958 4009 1005 4068 De
1027 4008 1192 4068 honoribus
1214 4007 1250 4068 C.
1273 4006 1399 4069 Caesari
1420 4011 1452 4068 in
1472 4009 1538 4086 lege
1561 4009 1699 4069 attributis

377 4114 532 4173 dictatoris
555 4113 745 4190 imperatoris
768 4111 903 4171 consulis
925 4111 1112 4188 proconsulis
1132 4109 1244 4170 dictum
1267 4118 1315 4170 est
1334 4131 1365 4188 p.
1383 4112 1452 4172 119.

453 4405 477 4469 ¹)
504 4393 640 4457 Eiusmodi
663 4406 766 4457 decretu
789 4407 817 4456 in
841 4404 965 4455 honorem
989 4403 1176 4470 praefectorum
1199 4404 1303 4455 fabrum
1325 4403 1396 4455 iacta
1414 4411 1504 4454 extant
1527 4419 1551 4454 a.
1573 4407 1588 4454 t
1608 4421 1633 4470 p.
1647 4401 1700 4454 Chr.

376 4499 483 4561 (Marini
503 4501 567 4551 Ars.
588 4515 613 4564 p.
628 4498 692 4562 783)
713 4505 738 4550 et
756 4514 780 4550 a.
796 4500 829 4548 27
844 4505 869 4547 et
884 4498 916 4548 28
938 4497 998 4559 (vol.
1012 4498 1046 4559 V,
1061 4496 1263 4559 asco-4922).

452 4589 477 4654 ²)
505 4591 559 4642 Dio
573 4591 617 4653 56,
632 4591 675 4642 25.

451 4682 476 4746 ³)
506 4681 638 4746 [donasse
658 4685 761 4735 decreta
779 4683 844 4734 haee
863 4698 893 4733 eo
913 4685 970 4748 ipso
991 4689 1106 4748 tempora
1124 4682 1193 4733 iacta
1212 4689 1278 4745 sunt,
1299 4697 1350 4748 quo
1368 4684 1533 4748 proconsules
1548 4683 1587 4732 illi
1601 4681 1701 4746 legatie

376 4775 489 4827 officium
509 4777 682 4842 deponebant,
702 4777 878 4827 othonorum
898 4791 995 4840 eorum,
1017 4791 1081 4842 quos
1100 4776 1178 4828 modo
1198 4791 1286 4842 gerere
1302 4776 1446 4837 desiissent,
1465 4775 1593 4827 vocabula
1605 4775 1700 4824 abusive

375 4869 407 4918 iis
428 4869 647 4920 continuarentur.
685 4867 815 4934 acorna]

1368 4993 1427 5054 Tu.
1451 4994 1623 5053 Momrsus.
