3532 5938
360 589 664 642 onsanvnusorsns
690 589 966 642 semssruscsn
985 591 1077 642 xvn.
1302 571 1373 641 251

813 693 964 701 *—

66 781 125 820 cum
139 761 256 840 Sapaeis
267 763 306 840 ¹),
328 763 360 822 id
374 782 556 840 quamquam
576 764 684 823 mirum
699 774 755 835 est,
777 772 876 824 tamen
897 765 960 823 fieri
983 771 1091 842 potest,
1114 773 1146 823 ut
1166 781 1290 842 regnum
1312 763 1377 824 uni·

64 883 158 924 versae
171 865 314 924 Thraciae
334 876 473 943 coeptum
491 886 510 924 a
524 885 618 945 regno
633 866 823 944 Odrysarum
845 884 931 946 reges
953 867 1093 928 habuerit
1113 867 1216 944 stirpis
1231 864 1376 944 Sapaeae,

64 968 163 1044 regiam
184 987 246 1026 eam
268 987 346 1045 quae
366 969 425 1028 fnit
445 977 534 1029 antea
555 972 707 1030 Asterum.

136 1073 167 1141 1.
204 1066 317 1167 Cotys
339 1091 421 1167 genti
441 1091 570 1169 praefuit
592 1102 622 1152 et
643 1112 669 1150 a.
687 1089 786 1168 697²)
808 1100 838 1150 et
860 1110 919 1169 quo
941 1100 1076 1168 tempore
1096 1088 1211 1150 Caesar
1231 1091 1263 1150 in
1279 1090 1376 1151 Thes·

64 1192 128 1250 salia
148 1193 306 1252 debellavit
328 1211 353 1251 a
371 1193 448 1267 706;
475 1215 545 1254 nam
565 1194 713 1273 Pompeio
743 1193 857 1252 auxilia
884 1194 1007 1252 miserat
1029 1192 1124 1272 Cotys
1146 1194 1295 1253 Thraciae
1320 1211 1377 1253 rex

63 1295 145 1354 filium
160 1291 297 1356 Sadalam
319 1315 386 1354 cum
408 1297 558 1373 equitibus
581 1297 804 1375 quingentis³),
825 1296 941 1373 fuitque
957 1293 1069 1356 Sedala
1089 1297 1167 1356 inter
1181 1315 1242 1370 eos,
1267 1295 1376 1375 quibus

62 1407 122 1474 post
141 1398 292 1457 victoriam
315 1396 430 1458 Caesar
450 1399 614 1477 ignovit⁴).

132 1503 165 1573 2.
202 1498 374 1596 Sadala⁵)
400 1520 502 1598 paullo
528 1533 598 1598 post
623 1521 702 1598 patri
724 1521 907 1581 successisse
930 1519 1063 1593 videtur3
1092 1519 1166 1579 obiit
1187 1528 1286 1580 autem
1308 1539 1332 1578 c.
1349 1539 1376 1579 a.

19 1621 24 1629 '
64 1621 113 1680 712
124 1621 351 1699 enunieret),
368 1623 419 1700 qui
435 1623 518 1682 addit
532 1643 601 1684 eum
617 1624 860 1701 stirpemnullam
870 1631 941 1701 post
955 1642 989 1682 se
1002 1623 1160 1700 reliquisse
1177 1633 1207 1682 et
1219 1632 1379 1702 propterea

64 1733 227 1784 testamento
265 1743 390 1803 regnum
428 1725 547 1804 legasse
579 1727 737 1800 Romanis,
776 1727 865 1803 idque
904 1744 1068 1802 occupasse
1100 1726 1142 1784 M.
1175 1725 1302 1786 Brutum
1342 1745 1378 1786 eo
1448 1802 1450 1809 Ι

63 1829 118 1904 ipso
142 1837 273 1906 tempore
298 1829 329 1886 iu
352 1828 513 1887 Thraciam
535 1829 750 1890 advenientem.
794 1829 924 1888 Diverse
946 1829 1105 1907 Appianas
1126 1829 1377 1888 Polemocratiam

63 1931 96 1988 ait
119 1948 239 1990 uxorem
265 1931 421 1991 cuiusdam
447 1952 485 1991 ex
507 1933 619 2010 regulis
641 1933 804 2006 Thraciae,
833 1933 918 1991 cuius
940 1951 1049 1992 nomen
1078 1941 1180 1992 auctor
1202 1950 1261 1991 non
1283 1933 1379 2010 ponit,

63 2051 137 2091 caeso
157 2034 264 2093 marito
286 2034 348 2092 filio
370 2034 476 2093 infanti
499 2035 652 2095 etiamtum
674 2043 851 2095 metuentem
874 2053 942 2093 enm
964 2034 1102 2094 attulisse
1129 2053 1189 2094 una
1214 2053 1281 2095 cum
1303 2053 1380 2114 gaza

63 2135 133 2212 regia
152 2135 191 2193 ad
213 2136 339 2195 Brutum
346 2159 355 2210 ;
378 2136 502 2196 Brutum
525 2137 620 2197 hlium
637 2136 739 2214 Cyzici
762 2136 944 2215 seposuisse,
968 2138 1062 2198 donec
1082 2138 1114 2197 in
1135 2155 1260 2214 regnum
1281 2145 1378 2215 pater·

63 2255 122 2295 uum
147 2237 246 2298 reduci
272 2251 390 2317 posset,
420 2241 575 2300 thesauros
603 2249 701 2300 autem
728 2242 760 2300 in
788 2259 875 2300 suum
905 2240 1000 2316 ipsius
1030 2258 1117 2298 usum
1145 2237 1379 2315 convertissel).

64 2337 184 2416 Utraque
206 2342 337 2401 narratio
355 2342 380 2400 si
396 2361 467 2401 vera
489 2353 536 2402 est
557 2351 587 2402 et
607 2344 788 2421 incorrupta,
810 2341 1049 2402 Polemocratiae
1068 2343 1192 2402 maritus
1213 2351 1243 2401 et
1258 2341 1379 2415 Sadala,
1401 2329 1408 2340 ’

64 2459 229 2519 quamquam
249 2462 305 2503 rex
328 2443 477 2504 Thraciae
499 2455 624 2523 uterque
645 2446 701 2504 fuit
722 2445 887 2523 eodemque
908 2446 970 2504 fere
992 2455 1126 2523 tempore
1148 2455 1272 2521 uterque
1294 2444 1379 2516 obiit,

64 2542 161 2602 diversi
187 2545 297 2604 inerint
323 2565 445 2607 necesse
471 2556 532 2620 est3
559 2568 628 2608 uam
655 2549 706 2607 ille
734 2549 807 2609 obiit
834 2549 899 2607 sine
926 2549 1029 2609 liberis
1052 2537 1185 2626 (ἄπαις),
1214 2547 1262 2606 hic
1283 2546 1378 2606 filium

63 2645 190 2707 infantem
217 2648 349 2725 reliquit.
402 2651 444 2709 At
474 2651 560 2710 adest
584 2652 688 2711 titulus
718 2666 787 2711 anre
814 2651 869 2711 hos
890 2651 995 2729 viginti
1024 2669 1119 2719 annos
1141 2670 1160 2710 a
1180 2647 1379 2726 Rangabiol)

65 2747 159 2821 editus,
180 2750 235 2810 sed
256 2751 354 2812 adhuc
376 2753 457 2829 quod
479 2753 571 2813 sciam
594 2773 613 2812 a
635 2755 709 2813 viris
731 2753 826 2813 doctis
847 2753 1001 2830 neglectus
1022 2753 1085 2812 hic:

66 2885 254 2898 ἦ*

129 2960 150 3024 ¹)
175 2963 261 3028 Cotyn
281 2981 352 3026 eum,
378 2968 421 3032 qui
440 2967 516 3032 periit
535 2983 556 3018 c.
570 2982 594 3018 a.
610 2969 643 3018 19
662 2983 688 3032 p.
700 2966 776 3029 Cha,
797 2966 891 3020 Strabo
908 2969 950 3030 12,
965 2968 991 3030 3,
1006 2968 1040 3019 29
1060 2984 1085 3032 p.
1101 2967 1155 3019 tes
1173 2967 1303 3032 Sapasum
1329 2965 1378 3016 site

66 3042 132 3103 llc'rur
148 3053 181 3120 τῷ
199 3053 315 3120 Σοσσίῳ.
346 3059 416 3109 Fieri
432 3067 529 3124 potest,
549 3066 578 3110 ut
596 3067 685 3110 auctor
704 3059 836 3125 scripserit
853 3047 932 3111 Ke'rur
951 3047 986 3122 τᾷ
1005 3048 1128 3122 Σοδοίλο,
1154 3060 1200 3110 sed
1219 3059 1377 3109 coniunctio·

66 3161 114 3196 nem
130 3151 215 3215 regiae
235 3151 322 3216 stirpis
341 3151 502 3218 Sapaeorum
521 3168 578 3203 cum
596 3152 677 3217 ipsius
691 3152 819 3203 Thraciae
838 3153 940 3218 regibus
960 3159 1045 3204 tuetur
1064 3167 1158 3204 nomen
1173 3151 1375 3216 Rhescuporidis

66 3241 163 3306 suisque
183 3259 329 3294 commune.

129 3331 151 3396 ²)
175 3336 269 3386 Cicero
287 3337 314 3386 in
333 3337 387 3388 Pis.
402 3337 445 3400 34,
461 3339 504 3388 84.
531 3338 611 3389 Anno
631 3345 715 3389 autem
737 3338 788 3390 679
803 3338 902 3392 Sadala
919 3352 974 3402 rex,
993 3344 1068 3403 pater
1087 3337 1207 3389 videlicet
1220 3337 1318 3403 Cotyis,
1338 3353 1378 3389 re-

67 3425 149 3487 gnabat
167 3427 271 3488 (Cicero
284 3431 361 3480 Verr.
380 3430 397 3480 l.
414 3433 438 3492 1,
453 3431 497 3491 24,
512 3429 565 3492 63).

129 3516 151 3581 ²)
176 3521 274 3572 Caesar
292 3521 318 3571 b.
337 3539 359 3572 e.
374 3523 399 3584 3,
414 3523 440 3572 4.
454 3523 497 3572 36.
534 3523 631 3573 Lucan.
646 3524 672 3585 4,
688 3523 731 3574 54.
768 3521 823 3574 Dio
842 3524 886 3586 41,
903 3523 946 3574 51.

128 3608 151 3673 ⁴)
175 3613 230 3664 nro
250 3596 294 3677 41,
312 3615 355 3666 ca.

130 3701 151 3766 ⁵)
175 3707 319 3784 Nummum
332 3709 460 3758 Mionueti
479 3707 507 3762 S.
521 3709 547 3770 2,
562 3707 624 3770 555,
640 3708 683 3769 37,
703 3708 731 3757 in
749 3723 800 3773 quo
818 3708 904 3772 legere
923 3707 973 3760 sibi
987 3709 1056 3757 visus
1075 3697 1114 3757 est
1126 3707 1253 3764 Sestiuius
1272 3708 1379 3759 nomina

68 3793 148 3860 Calyce
167 3807 191 3850 et
202 3801 316 3854 Sadalae
338 3817 427 3867 regum
438 3801 565 3852 Thraciae
585 3801 729 3864 coniuncta,
751 3816 810 3852 vere
829 3815 884 3852 esse
904 3800 994 3866 oppidi
1011 3800 1154 3866 Hispaniae
1172 3800 1257 3867 Iptuci
1279 3801 1382 3852 monuit

67 3885 242 3944 Friedlaender.

128 3981 151 4046 ⁶)
174 3986 230 4036 Dio
250 3988 294 4048 47,
316 3987 359 4038 25.

129 4073 150 4139 ¹)
173 4081 312 4144 Appianas
331 4079 355 4128 b.
376 4095 397 4130 c.
417 4079 442 4142 4,
463 4079 511 4129 75:
536 4070 661 4146 οἶγοίροισι
681 4074 708 4128 dl
731 4071 795 4142 αὐτῷ
819 4077 869 4141 (Μ.
890 4077 987 4140 Bruto)
1013 4063 1120 4144 arpardv
1138 4071 1175 4126 las
1198 4073 1239 4128 καί
1257 4065 1381 4149 χρήματα

69 4165 175 4240 canuxia
187 4160 300 4238 Θρᾴκιος
312 4161 398 4220 rera'dr
415 4165 519 4238 γίνεται.
542 4165 739 4240 Πολεμοκρατία
751 4160 811 4240 γννῆ
821 4185 886 4228 τινος
898 4167 944 4220 riis
957 4163 1116 4232 βασιλίσκων
1129 4161 1304 4236 ιίνοιροθίντος
1316 4166 1380 4242 αὐτῇ

68 4257 101 4308 τοῦ
115 4253 197 4331 ἀνδρίς
217 4255 261 4312 a‘m’
271 4261 374 4334 ίχθρῶν
388 4257 498 4312 δείσοσο
510 4261 566 4330 περί
584 4261 618 4327 τῷ
636 4257 708 4313 παιδὶ
722 4258 759 4314 ἔτι
773 4253 824 4313 ἕντι
836 4258 927 4325 παιδίῳ
940 4250 997 4326 ἧκον
1010 4250 1084 4313 surde
1097 4258 1209 4332 φέρουσα
1226 4255 1269 4312 καὶ
1283 4257 1380 4334 ίνοχοί-

69 4366 110 4400 :tat
127 4344 240 4422 Βροίτῳ,
266 4353 408 4426 ίνοχοίρισο
427 4351 455 4405 dl
473 4355 513 4405 κοί
531 4345 589 4413 stult
612 4353 656 4407 τοῦ
679 4343 769 4426 ἁνδρίς
787 4343 940 4424 θησαυροίς.
979 4343 993 4404 d
1012 4351 1040 4404 dl
1057 4343 1100 4404 τίν
1118 4350 1161 4422 pls
1178 4350 1258 4404 παῖδα
1275 4353 1381 4419 Κυζικη·

69 4447 106 4498 νῠῐς
122 4439 262 4516 daupidane
280 4444 415 4515 παρέδωκε,
435 4445 516 4520 μίχρι
535 4445 694 4520 σχολάσειεν
714 4446 752 4497 ἐπὶ
770 4435 814 4510 τὴν
833 4443 969 4510 βασιλείαν
987 4449 1141 4516 κοταγαγοῖν,
1168 4443 1191 4496 tv
1211 4442 1238 4496 dl
1259 4449 1312 4504 τοῖς
1330 4445 1380 4510 θη-

69 4542 153 4603 retest:
169 4529 225 4610 ιῦρο
243 4530 385 4608 παράδοξον
404 4535 516 4612 χρυσίου
534 4558 560 4589 τε
579 4539 682 4605 πλῆθος
700 4539 740 4591 καί
759 4530 876 4610 ἀργύρου,
896 4533 939 4590 καὶ
957 4537 1029 4592 τοῦτο
1050 4537 1093 4608 μὶν
1106 4535 1191 4590 isam·
1209 4531 1251 4589 sal
1271 4525 1381 4608 νίμισμα

69 4623 138 4678 iselae.
168 4634 296 4684 Nummos
315 4650 348 4684 ex
366 4649 431 4700 gaza
449 4635 493 4684 ille
511 4635 583 4700 regia
602 4650 676 4685 cusos
695 4649 739 4684 ecs
758 4648 826 4696 esse,
849 4635 878 4683 in
898 4632 989 4699 quibus
1007 4649 1103 4685 nomen
1123 4634 1225 4680 ΚΟῑΩΝ
1246 4639 1271 4683 at
1289 4647 1380 4684 mono·

68 4735 165 4782 gramma
183 4729 352 4789 secernitur,
372 4727 510 4778 Eckhelius
523 4727 634 4778 coniecit
644 4727 670 4789 6,
683 4727 717 4777 23
738 4726 912 4792 adsensusque
924 4741 981 4776 sum
995 4741 1043 4792 ego
1062 4727 1090 4777 in
1101 4726 1168 4776 libro
1187 4726 1220 4776 ds
1238 4741 1267 4776 re
1285 4731 1381 4777 monet.

70 4817 156 4878 atita,
179 4821 206 4870 in
232 4835 264 4870 eo
288 4827 357 4870 certe
381 4835 484 4882 emaus,
511 4820 581 4886 quod
604 4819 690 4870 mariti
713 4833 808 4869 nomen
833 4819 865 4869 ab
884 4819 1009 4885 Appiano
1033 4835 1086 4871 non
1110 4818 1269 4870 enuuh'atum
1288 4805 1381 4870 Κίσσον

69 4904 131 4959 true
148 4913 229 4977 posui.

130 4999 151 5066 ⁸)
174 5003 318 5072 Antiquitda
334 5001 498 5072 Helle'm'quer
517 5006 533 5055 2
552 5021 578 5071 p.
593 5006 646 5056 784
665 5019 691 5054 n.
707 5003 786 5054 1236.
824 5003 948 5054 Eiusdem
968 5004 1038 5054 tituli
1064 5005 1125 5054 dum
1149 5001 1214 5053 haec
1237 5001 1322 5055 scribo
1345 5003 1380 5054 ad

71 5105 102 5140 tae
117 5097 194 5146 anulis
211 5099 410 5150 Mordtmsnnus
433 5099 543 5148 alterurn
562 5087 724 5162 exemplum',
750 5096 795 5146 sed
816 5103 963 5161 corruptum
989 5105 1015 5146 et
1038 5098 1077 5148 ita
1099 5097 1187 5160 hians,
1212 5103 1241 5146 ut
1265 5095 1380 5162 lapidem

71 5195 154 5252 ἰῡῑεήοι
171 5205 314 5254 dim-actum
334 5219 390 5255 essa
410 5213 541 5270 appareat.
590 5205 672 5257 Varia
690 5203 767 5253 lectio
787 5202 851 5254 haec
870 5210 921 5254 est:
944 5204 1022 5272 lqliu.
1042 5203 1177 5248 ΑὶΑΔΑΛΑ
1197 5200 1277 5252 deest·
1297 5225 1331 5235 -
1365 5195 1381 5244 ²

72 5290 324 5344 Wtaxtlttmnohs
343 5298 446 5348 omissis
465 5297 579 5362 reliquis.
612 5323 645 5334 -
685 5297 701 5346 3
720 5285 841 5360 solstiti]
864 5298 926 5342 ΕΘΝ

1112 5381 1173 5442 17“
