3532 5938
380 531 453 602 260
673 552 978 605 ossnnvauuouns
1006 551 1284 605 urrounrmcsu
1311 553 1403 604 xum.

377 734 449 784 nutu
471 725 613 785 maiorem
633 726 807 786 Polemonis
829 737 859 786 et
879 726 1115 805 Pythodoridis,
1137 726 1349 804 Tryphaenam
1372 738 1471 786 autem
1493 727 1555 784 eius
1576 745 1678 786 uxoren

379 835 533 903 praeterea
554 828 687 906 ignotam
710 830 807 887 adhuc
828 829 963 906 plerique
985 838 1166 900 statuerunt3
1194 849 1291 907 neque
1317 828 1404 888 aliter
1424 829 1515 888 statui
1541 831 1638 905 potuit,
1660 831 1679 887 si
1748 861 1749 876 .

379 929 499 1005 quidem
522 929 582 988 Dio
605 931 672 988 loco
693 932 784 990 citato
807 951 867 990 non
888 933 1007 990 erravit.
1051 935 1094 992 At
1119 932 1291 1009 opinionem
1313 933 1401 1012 vulgo
1428 939 1574 1008 receptam
1596 933 1681 991 evertit

379 1032 585 1108 Waddington
607 1053 642 1092 eo
665 1034 744 1110 quod
768 1034 939 1092 observavit
960 1035 1153 1095 Polemonem
1176 1054 1253 1107 eum,
1277 1036 1329 1112 qui
1351 1053 1378 1092 a.
1396 1034 1434 1093 38
1457 1053 1511 1093 rex
1530 1034 1619 1092 factus
1637 1043 1680 1104 eat,

378 1135 408 1191 in
430 1135 560 1193 nummis
584 1136 652 1193 anni
676 1136 754 1194 tertii
770 1136 884 1194 vultum
907 1156 978 1213 prae
999 1155 1031 1196 se
1046 1138 1124 1196 ferre
1145 1137 1229 1213 pueri
1247 1154 1393 1195 annorum
1408 1137 1471 1196 fere
1486 1136 1640 1212 quindecim
1651 1137 1680 1210 ¹),

1748 899 1749 918 t

1747 927 1749 956 l

1747 959 1749 986 l

378 1254 444 1294 cum
474 1236 687 1312 Pythodoridis
721 1237 799 1296 filius
835 1247 908 1297 natu
939 1240 1035 1298 maior
1063 1258 1099 1298 eo
1125 1249 1258 1317 tempore
1285 1257 1380 1297 anuos
1416 1256 1476 1298 non
1502 1240 1626 1314 potuerit
1642 1239 1681 1294 ha·
1749 1289 1750 1312 ,

377 1338 447 1397 bere
469 1341 566 1397 minus
589 1341 814 1418 quinquaginta.
858 1341 1023 1419 Propterea
1044 1339 1142 1419 egoi)
1164 1342 1365 1400 coniecturam
1387 1342 1533 1418 proposui
1553 1339 1681 1416 Pydrodo
1749 1343 1750 1400 ζ

377 1441 434 1500 ridi
457 1442 641 1500 successisse
663 1463 723 1502 non
745 1444 854 1516 filium,
886 1446 939 1503 sed
961 1452 1113 1522 nepotem,
1139 1445 1270 1504 Dionem
1298 1451 1397 1502 autem
1423 1462 1523 1502 errore
1550 1453 1681 1519 patemnm

377 1562 500 1620 regnum
524 1545 648 1618 dixisse,
672 1546 751 1622 quod
774 1555 854 1604 esset
876 1547 1001 1618 auitun15
1023 1547 1112 1624 idque
1135 1547 1160 1606 si
1183 1566 1242 1605 non
1259 1565 1369 1618 verum,
1392 1553 1471 1604 certe
1487 1564 1506 1603 a
1520 1563 1588 1603 vero
1609 1565 1682 1620 prope

378 1647 487 1706 abesse
509 1647 569 1706 iam
591 1657 725 1726 apparet.
764 1647 836 1706 Fuit
858 1650 935 1708 enim
958 1649 1083 1708 Polemo
1106 1650 1182 1708 alter
1203 1669 1272 1707 vere
1295 1649 1509 1724 Pythodoridis
1532 1666 1631 1724 nepos,
1653 1666 1682 1705 ex
1750 1679 1751 1704 t

377 1749 440 1806 filia
462 1756 574 1821 tamen,
596 1767 657 1808 non
677 1767 716 1808 ex
738 1751 816 1824 filio,
837 1752 918 1810 filius
942 1762 1040 1810 autem
1063 1750 1180 1829 Cotyis.
1225 1751 1303 1811 Nam
1326 1761 1485 1828 postquam
1508 1750 1682 1827 comperimus

376 1850 550 1910 Polemonis
578 1853 664 1910 matri
692 1870 800 1912 nomen
828 1854 922 1913 luisse
948 1855 1100 1914 Antoniae
1123 1855 1336 1932 Tryphaenae,
1369 1853 1565 1931 imperatores
1594 1861 1682 1922 autem,

376 1953 428 2029 qui
450 1954 487 2012 ab
510 1953 642 2012 Antonio
665 1954 778 2012 IlIviro
805 1956 950 2034 originem
980 1958 1141 2030 traherent,
1169 1959 1233 2015 eius
1260 1955 1394 2015 mulieris
1421 1956 1603 2033 propinquae
1626 1973 1682 2012 suae

375 2054 447 2114 filiis
475 2073 663 2132 summopere
700 2057 821 2129 lavisse,
858 2059 1070 2136 Tryphaenam
1105 2061 1138 2118 in
1172 2060 1301 2117 nummis
1336 2058 1510 2117 Polemonis
1535 2075 1682 2134 repraesen-

374 2167 468 2216 tatam
493 2159 552 2217 iam
579 2175 667 2217 nemo
693 2161 814 2237 negabit
838 2179 899 2220 non
933 2181 1058 2233 uxorem
1080 2163 1145 2220 eius
1168 2179 1236 2221 esse
1263 2158 1349 2235 (cum
1372 2161 1551 2236 praesertim
1578 2157 1677 2218 aliunde

375 2270 558 2362 compertum
574 2261 615 2319 sit
637 2279 759 2320 uxorem
775 2263 969 2324 Polemonem
990 2265 1117 2324 duxisse
1131 2262 1294 2323 Berenicen
1314 2263 1394 2340 regis
1409 2263 1543 2322 Herodis
1562 2260 1682 2335 filiani),

376 2363 428 2421 sed
456 2371 595 2436 matrem,
622 2364 693 2422 item
716 2365 764 2422 vel
792 2373 914 2442 propter
942 2367 1038 2426 solum
1059 2367 1261 2444 Tryphaenae
1283 2385 1390 2424 nomen
1413 2365 1545 2424 nummis
1572 2363 1629 2423 suis
1648 2363 1681 2420 in·

375 2466 519 2542 scriptum
541 2464 735 2524 Polemonem
757 2467 883 2527 alterum
905 2469 1026 2528 omnino
1049 2471 1087 2527 ad
1109 2471 1232 2547 stirpem
1250 2467 1355 2546 Cotyis
1375 2468 1564 2527 referendum
1585 2466 1681 2540 esset).

329 2557 334 2580 ¹
373 2568 421 2626 Ita
442 2568 498 2628 hoc
520 2586 638 2646 quoque
660 2569 844 2646 intellegitur
858 2569 1011 2641 Tiberium
1033 2572 1065 2630 in
1082 2570 1172 2630 Ponti
1192 2589 1285 2648 regno
1307 2571 1337 2629 id
1360 2572 1459 2648 ipsum
1483 2570 1597 2642 fecisse,
1617 2567 1681 2646 quod

373 2671 444 2729 fecit
464 2671 494 2728 in
518 2671 663 2742 Thracia,
692 2671 806 2731 scilicet
826 2673 1032 2749 Pythodoride
1058 2683 1109 2732 aut
1133 2683 1251 2733 mortua
1277 2683 1329 2733 aut
1350 2693 1369 2732 a
1389 2691 1481 2758 regno
1508 2681 1618 2732 remota
1635 2691 1682 2729 non

373 2773 476 2832 liberis
499 2774 564 2832 eius
586 2774 616 2832 id
638 2775 768 2847 tradidit,
791 2776 844 2833 sed
867 2776 923 2834 sibi
945 2777 1075 2835 retinuit.
1100 2774 1197 2836 Gaius
1219 2785 1318 2835 autem
1341 2794 1407 2834 oum
1430 2776 1578 2852 imperare
1594 2772 1682 2850 coepit

372 2874 527 2934 deficiente
555 2876 694 2935 uidelicet
723 2877 816 2952 stirpe
844 2876 1017 2937 Polemonis
1045 2879 1124 2937 virili
1156 2879 1323 2954 cognomini
1350 2878 1451 2953 nepoti
1483 2878 1549 2938 eiua
1575 2875 1682 2935 exilia

371 2979 552 3038 consobrina
596 2979 659 3056 regi
697 2979 845 3038 Thraciae
884 2988 978 3056 nupta
1018 3000 1142 3059 regnum
1181 2980 1355 3040 Polemonis
1393 2979 1533 3052 tradidit,
1578 2978 1607 3036 id
1646 2985 1683 3035 est

371 3079 501 3138 Pontum
527 3089 557 3139 et
584 3080 768 3157 Bosporum3
801 3102 927 3159 quorum
952 3083 1137 3161 Bosporum,
1171 3101 1238 3142 cum
1266 3081 1412 3142 Claudius
1444 3101 1571 3158 regnare
1601 3080 1682 3156 coepit

372 3201 398 3239 a.
422 3200 451 3256 p.
467 3180 539 3241 Chr.
556 3182 605 3256 41,
628 3183 753 3242 Polemo
775 3201 841 3243 cum
869 3183 993 3244 Ciliciae
1015 3195 1100 3263 parte
1121 3193 1289 3263 permutare
1310 3192 1430 3244 coactus
1451 3184 1551 3261 est⁵),
1571 3183 1682 3242 Pontum

371 3283 494 3342 retinuit
519 3284 557 3342 ad
579 3305 605 3343 a.
628 3306 657 3363 p.
675 3283 745 3346 Chr.
761 3287 810 3360 63,
834 3305 893 3362 quo
915 3286 1000 3347 Nero
1022 3307 1089 3346 eum
1111 3288 1141 3346 in
1163 3286 1336 3366 provinciae
1356 3286 1484 3345 formam
1506 3284 1657 3363 relegio).

455 3518 513 3586 ll·
555 3511 671 3612 COtyS
698 3533 804 3613 Cotyis
832 3544 861 3595 et
887 3539 1038 3597 Antoniae
1065 3537 1263 3613 Tryphaenae
1291 3537 1373 3596 tilius
1405 3537 1514 3596 tertius
1544 3555 1600 3613 quo
1624 3544 1681 3593 tem·

370 3655 443 3712 pore
475 3637 583 3696 iratres
606 3639 751 3697 maiorum
784 3657 875 3716 regna
903 3640 1001 3717 adepti
1028 3646 1113 3711 sunt,
1151 3647 1181 3697 et
1206 3640 1272 3716 ipse
1297 3653 1374 3698 teste
1401 3640 1522 3700 decreto
1552 3638 1680 3716 Cyzicena

369 3757 494 3816 regnum
516 3740 654 3813 obtinuit,
676 3742 755 3817 quod
771 3744 825 3802 sub
841 3743 1003 3801 maioribus
1026 3743 1087 3802 suis
1110 3742 1182 3800 olim
1204 3741 1313 3800 suisset
1333 3741 1375 3817 (p.
1390 3741 1449 3802 259
1470 3743 1541 3804 adn.
1557 3741 1598 3816 4).
1630 3737 1680 3797 td·

446 4193 470 4256 ¹)
494 4193 673 4259 Waddington
693 4194 710 4243 l.
724 4210 746 4244 c.
766 4209 791 4258 p.
807 4197 868 4244 117.

445 4308 469 4375 ¹)
492 4312 602 4376 Ephem.
621 4313 638 4361 l.
654 4329 674 4362 c.
697 4328 721 4376 p.
737 4314 799 4362 271.
838 4312 879 4363 cf.
893 4313 1071 4378 Waddington
1090 4312 1108 4362 l.
1123 4329 1144 4362 c.
1164 4328 1190 4377 p.
1207 4314 1268 4362 120.

446 4429 470 4493 ³)
497 4428 599 4494 Ioseph.
616 4431 659 4492 20,
675 4431 699 4492 8,
714 4431 739 4481 3.

447 4547 471 4611 ⁴)
498 4549 601 4600 Curtius
620 4551 648 4600 iu
667 4551 730 4601 actis
750 4551 886 4600 menstruis
906 4549 988 4600 citatis
1008 4565 1032 4614 p.
1047 4550 1082 4598 20
1102 4555 1170 4599 reete
1190 4549 1254 4598 vidit
1268 4547 1452 4614 Tryphaenam
1470 4549 1498 4600 iu
1518 4547 1622 4599 nummis
1638 4545 1679 4596 Po·

367 4642 477 4692 lemonia
496 4650 664 4692 memoratam
684 4643 793 4692 eandum
812 4657 867 4692 esse
886 4649 962 4707 atque
981 4657 1046 4706 quae
1064 4643 1212 4692 nominatur
1231 4643 1258 4691 in
1276 4641 1350 4691 titulo
1364 4641 1508 4706 Cyzicen03
1529 4641 1608 4691 minus
1624 4647 1680 4687 recta

367 4733 536 4785 Polemonem
554 4735 652 4784 indicat
667 4735 751 4785 sorori
770 4735 837 4785 hunc
855 4735 979 4784 honorem
998 4734 1126 4784 habuisse.
1162 4734 1231 4785 Nam
1250 4741 1278 4784 nt
1291 4735 1392 4783 mittam
1412 4735 1474 4784 talia
1498 4733 1573 4784 uxori
1589 4730 1678 4782 manue

368 4827 451 4890 magis
466 4828 602 4876 convenire
622 4843 699 4893 quam
712 4829 803 4889 sorori,
824 4827 923 4876 accedit
942 4827 1010 4892 quod
1024 4824 1131 4876 Polemo
1150 4827 1171 4875 is
1192 4827 1263 4876 cuius
1282 4833 1371 4876 cutam
1389 4827 1488 4876 nummi
1507 4833 1608 4891 propter
1623 4829 1678 4872 aeta·

368 4925 418 4967 tem
433 4935 484 4970 non
498 4927 582 4984 potest
593 4920 672 4970 fnisse
686 4921 752 4970 tilius
766 4919 915 4970 Polemonis
928 4918 1114 4984 Pythodoridls
1134 4919 1227 4970 mariti.
1246 4919 1361 4969 Proinde
1376 4918 1534 4984 Tryphaena
1551 4933 1599 4969 nuu
1616 4927 1677 4966 soror

368 5011 424 5061 eius
442 5012 499 5073 suit,
520 5012 565 5061 sed
584 5020 630 5062 aut
647 5014 726 5062 amita
745 5018 789 5062 aut
808 5018 897 5062 mater.

445 5126 469 5190 5)
493 5128 547 5180 Dio
567 5131 611 5193 60,
632 5133 656 5181 8.
694 5129 798 5195 Ioseph.
820 5131 863 5191 20,
884 5130 909 5189 8,
931 5129 956 5178 3.

444 5245 469 5310 ⁸)
494 5249 564 5301 Suet
583 5249 645 5300 Ner.
662 5251 703 5300 ts.
740 5249 893 5314 Marquatdt
912 5244 1158 5315 Stuatsuerwaltunp
1179 5251 1203 5310 l,
1225 5249 1286 5298 202.
