3580 5938
964 553 1115 614 HUBNER

781 664 932 672 -—-——...

624 733 729 811 Ulpius
750 734 878 796 Veronae
904 735 984 796 filius
1006 727 1120 795 militis
1133 733 1306 812 Camponne
1328 737 1357 793 in
1380 734 1540 793 Pannonia
1560 733 1702 791 inferiore

702 834 999 897 o.1.1..1113410.
1421 823 1428 848 ‘

620 938 716 997 Coelio
741 941 771 999 C.
787 943 815 1015 f.
837 941 953 1000 Verona
974 939 1103 1018 Neapoli
1126 941 1151 999 Ι.
1166 940 1206 1000 N.
1222 939 1313 1000 6484.

627 1041 743 1101 ibici-ia
763 1043 876 1102 Verona
898 1044 1069 1103 Tarracone
1092 1040 1127 1103 C.
1143 1042 1168 1100 1.
1184 1041 1221 1102 L.
1237 1043 1270 1101 11
1286 1042 1377 1101 4278.

619 1143 758 1220 Pompeia
781 1145 895 1205 Verona
916 1145 1024 1204 ibidem
1048 1144 1224 1206 c.1.1..11
1241 1145 1332 1204 4335.

721 1247 849 1307 Vernaus
871 1249 1003 1308 centurio
1027 1249 1236 1325 praetorianus
1258 1247 1284 1306 Ι.
1299 1246 1339 1306 N.
1357 1247 1447 1306 2845.

620 1345 668 1407 cf.
691 1351 731 1407 D.
748 1349 859 1410 Fabius
878 1351 1018 1411 Varianus
1041 1349 1201 1410 Tubursici
1223 1349 1334 1410 Renier
1353 1353 1439 1408 incer.
1456 1351 1491 1408 de
1506 1347 1595 1422 71419.
1614 1345 1704 1404 2981.

373 1452 531 1511 meuvs
622 1448 796 1528 cognomen
818 1453 970 1531 frequens,
992 1453 1076 1512 cuius
1097 1452 1238 1531 exempla
1259 1453 1431 1512 adscribere
1453 1471 1514 1510 non
1535 1450 1653 1508 attinet.

375 1555 560 1614 vanauvs
620 1553 730 1614 Fabios
750 1555 907 1615 Vibulanos
930 1556 1071 1615 consoles
1094 1575 1239 1615 annorum
1260 1553 1329 1640 260.
1353 1553 1423 1613 270.
1447 1553 1516 1611 271.
1540 1551 1613 1610 287.
1639 1549 1705 1608 312.

704 1658 774 1716 331.
798 1658 866 1717 333.
892 1655 951 1716 342
974 1658 1044 1717 fasti
1066 1658 1220 1736 capitolini
1243 1657 1382 1716 referunt.

373 1759 601 1820 *Voarmmvs
622 1791 642 1819 ·.
658 1759 803 1821 Corneliae
815 1793 836 1818 -.
851 1759 1002 1837 (indeuia)
1016 1760 1207 1838 Volte[inn]na
1221 1759 1372 1838 Emporiis
1388 1761 1418 1818 in
1429 1757 1578 1836 Hispania
1589 1756 1705 1834 ephem.

707 1861 785 1922 1872
807 1883 837 1922 n.
856 1863 913 1922 146
936 1863 980 1941 (p.
996 1862 1060 1941 48).

938 2199 1141 2208 m*

460 2555 524 2631 ΙΙΙ.
578 2554 737 2632 Nomina
763 2556 947 2656 gentilicia
972 2557 1009 2631 in
1037 2557 1143 2630 nunus
1169 2585 1192 2631 a
1217 2557 1386 2634 locorum
1413 2555 1626 2631 nominibus

952 2679 1128 2754 derivata.

377 2891 523 2948 Acnnrvs
629 2886 664 2958 Q.
686 2886 820 2946 Aknnins
846 2887 880 2959 Q.
901 2889 929 2962 s.
956 2888 1050 2963 Rufus
1076 2885 1224 2946 Nemausi
1251 2887 1345 2947 Orcll.
1365 2885 1447 2945 4016
1476 2885 1562 2964 (inde
1586 2885 1710 2963 Herzog

708 2988 811 3050 Gallia
832 2988 1041 3049 Narbonensis
1064 2991 1215 3068 appendix
1237 3008 1266 3066 p.
1286 2989 1333 3061 12,
1350 2991 1414 3066 30).

623 3091 740 3152 Acnnin
766 3093 799 3162 Q.
824 3092 843 3149 l.
866 3090 983 3168 Lepida
1008 3092 1122 3150 Romae
1145 3091 1268 3152 Henzen
1297 3091 1402 3152 bullont.
1425 3091 1492 3152 deli'
1513 3095 1604 3151 instit.
1633 3091 1708 3149 1857

620 3251 622 3256 .
706 3214 735 3272 p.
753 3195 801 3254 65.
1447 3249 1454 3269 ,

624 3296 690 3358 Aca
710 3297 758 3357 vel
780 3298 913 3357 Acnnum
933 3296 1034 3356 locum
1056 3314 1115 3354 non
1137 3296 1221 3368 novi3
1243 3296 1275 3355 in
1296 3295 1383 3356 Accio
1405 3296 1504 3357 Acilio
1525 3293 1640 3354 Anonio
1662 3313 1711 3356 nc·

624 3400 754 3460 minibus
783 3400 946 3478 gentiliciis
977 3407 1007 3459 et
1035 3398 1185 3458 similibus
1215 3399 1318 3458 eadem
1347 3398 1478 3478 fortasse
1506 3399 1595 3460 radix
1624 3399 1711 3458 inest

625 3500 872 3580 Componcndum
898 3503 988 3562 etiam
1016 3502 1141 3561 Atnnius
1168 3519 1276 3561 nomen
1303 3501 1430 3578 (Atnnin
1454 3501 1519 3560 Noe
1545 3511 1576 3560 et
1602 3500 1712 3560 Aineia

626 3606 758 3665 Firmino
778 3605 810 3664 in
831 3604 918 3664 titulo
940 3605 1054 3663 urbano
1077 3604 1192 3664 Oxonii
1214 3623 1318 3664 marm.
1341 3603 1442 3664 Oxou.
1464 3625 1494 3682 p.
1511 3604 1560 3676 36,
1576 3603 1645 3681 60).

377 3708 564 3765 Ascanurvs
632 3706 665 3778 Q.
689 3705 847 3767 Aminnias
869 3706 1006 3766 Hermian
1033 3707 1077 3766 vir
1103 3707 1340 3783 perfectissimus
1362 3723 1455 3784 agens
1477 3707 1559 3766 vices
1580 3705 1712 3782 praeier-

707 3817 804 3868 torum
827 3809 976 3888 praetorio
1000 3829 1026 3868 a.
1043 3809 1102 3868 306
1126 3806 1285 3869 Cordubae
1308 3807 1342 3869 0.
1359 3809 1383 3870 Ι.
1399 3808 1435 3868 L.
1451 3809 1481 3868 11
1496 3807 1587 3868 2203.

625 3910 781 3972 Aminnias
803 3913 1001 3970 Mancinianae
1023 3921 1053 3971 et

624 4014 768 4075 Aeclnnin
790 4015 933 4074 Marcello
954 4014 1080 4075 Aeclani
1101 4013 1127 4071 I.
1142 4012 1181 4072 N.
1201 4012 1280 4072 1166
1304 4013 1444 4089 (Hermen
1460 4013 1566 4090 6394).

624 4119 790 4177 Aeclanum
813 4125 916 4176 notum
939 4125 995 4176 est.

380 4220 566 4286 Anovamvs
626 4219 692 4279 San.
716 4221 883 4298 Aequumne
906 4218 971 4279 Sea.
987 4221 1018 4295 s.
1041 4217 1439 4297 Sn1(lanna)1.N.1860.

626 4323 704 4381 Vide
727 4341 820 4398 supra
841 4322 1008 4398 Aequanus.

379 4427 578 4484 Anarcnnlvs
629 4425 661 4484 0.
684 4423 853 4502 Asi-iconius
878 4424 980 4500 Capito
1002 4423 1103 4482 Maffei
1125 4425 1167 4482 M.
1183 4424 1218 4482 V.
1241 4425 1345 4483 nescio
1367 4443 1427 4502 quo
1449 4424 1531 4497 loco,
1558 4425 1589 4482 in
1619 4423 1715 4483 indice

708 4527 787 4586 enim
810 4534 939 4586 erratum
961 4534 1006 4585 est
1028 4528 1059 4584 in
1081 4545 1214 4586 numero.

381 4630 546 4689 Ancaruvs
631 4627 664 4688 C.
689 4628 832 4688 Albaniae
859 4628 1015 4705 proximus
1041 4628 1157 4687 vicinus
1184 4629 1339 4687 hortorum
1369 4627 1608 4707 Scapulanorum
1638 4627 1714 4708 apud

710 4729 884 4794 Ciceronem
908 4731 946 4789 ad
966 4732 1032 4789 An.
1050 4731 1097 4802 13,
1114 4731 1200 4802 31,4
1222 4729 1263 4806 (si
1286 4731 1344 4790 hoc
1367 4740 1446 4791 recte
1468 4731 1621 4808 traditur).

627 4833 695 4893 Sex.
723 4833 865 4893 Albanius
896 4830 927 4890 0.
955 4835 983 4909 s.
1011 4831 1193 4908 Maxumus)
1221 4830 1413 4894 Interamnae
1438 4835 1713 4894 Praetuttianorum

710 4935 736 4994 1.
751 4934 793 4995 N.
809 4934 901 4994 6167.

632 5039 662 5098 C.
691 5021 835 5097 Albaniae
869 5034 1010 5113 Sperntns
1043 5037 1074 5095 in
1106 5036 1250 5097 laterculo
1283 5037 1380 5098 tribus
1414 5037 1588 5101 Sucusanae
1621 5059 1650 5098 a.
1678 5035 1715 5096 70

711 5139 737 5197 Ι.
753 5138 792 5200 N.
810 5138 890 5198 6769
905 5138 954 5198 ΙΙΙ
970 5157 989 5196 r.

628 5240 668 5299 L.
689 5239 832 5300 Albanius
854 5239 935 5315 Ias.
959 5238 1115 5310 Quintillus
1137 5238 1275 5302 Gadibus
1297 5241 1578 5305 0.1.1..111754.
