3540 5940
350 507 425 578 324
795 525 1075 576 annrraunura
1093 524 1178 576 von.
1192 526 1237 575 111

842 629 876 635 ...-
888 628 1113 636 -.-—-—-

349 699 415 760 461
437 699 613 775 [Bularesti
635 699 665 756 in
689 699 815 775 museo].

912 805 1130 960 nvrdcoasl

349 958 521 1018 Hirschfeld
543 979 573 1036 p.
590 960 660 1017 411.

391 1062 496 1120 Prima
527 1061 601 1119 haec
633 1069 679 1119 est
710 1061 774 1119 eius
808 1059 935 1136 legionis
969 1059 1084 1138 tegula,
1117 1079 1194 1138 quae
1216 1071 1285 1138 post
1316 1063 1414 1138 ipsius
1436 1081 1545 1122 nomen
1566 1064 1667 1141 aliquid

351 1165 450 1236 addat,
473 1173 545 1241 puto
566 1182 674 1222 nomen
692 1161 845 1239 Cor(uelii)
862 1161 1014 1238 speum]
1031 1163 1079 1220 vel
1101 1163 1207 1221 simile.
1244 1163 1324 1224 Nom
1345 1170 1377 1223 in
1398 1166 1502 1244 tegula
1519 1167 1667 1244 legionario

351 1268 483 1328 cohortis
506 1267 686 1326 mentionem
708 1266 773 1324 fieri
794 1266 879 1325 nullo
902 1265 1040 1342 exemplo
1061 1265 1240 1326 defenditur.

353 1519 426 1580 462
447 1518 609 1593 Tscheleju
630 1537 692 1596 rep.
716 1516 890 1593 [Bakaresti
911 1517 942 1575 in
964 1516 1052 1575 domo
1074 1515 1216 1592 Bolliac].

926 1690 941 1732 ι
955 1703 962 1717 ·
975 1690 1015 1730 v·
1028 1688 1112 1733 moes

353 1834 529 1896 Hirschfeld
551 1853 580 1910 p.
598 1834 668 1891 411.
713 1829 902 1910 Quamquam
929 1833 989 1891 iam
1016 1841 1135 1891 constat
1162 1833 1292 1908 tegulam
1320 1833 1411 1906 hanc,
1437 1851 1529 1911 quam
1550 1834 1671 1894 dedimus

354 1960 383 1999 a.
401 1938 479 1997 6241
497 1940 527 1996 in
542 1936 659 1995 Moesia
673 1935 824 2005 inferiore,
850 1942 998 2010 repertam
1014 1953 1080 1994 esse
1096 1936 1126 1993 in
1140 1934 1246 2008 Dacia,
1268 1954 1328 1993 non
1342 1947 1423 1994 recte
1437 1939 1548 2012 opinor
1561 1937 1671 1996 Hirsch-

355 2041 464 2100 feldius
487 2038 669 2114 improbavit
690 2038 771 2114 quod
794 2038 906 2096 conieci
928 2037 1059 2115 tegulam
1073 2037 1182 2095 factam
1199 2054 1266 2095 esse
1281 2057 1300 2095 a
1313 2038 1430 2115 legione
1446 2037 1473 2094 V
1490 2039 1673 2099 Macedonica

354 2155 515 2221 postquam
532 2140 629 2200 Dacia
650 2141 755 2200 relicta
775 2140 807 2198 in
822 2139 969 2199 Moesiam
990 2140 1088 2198 rediit.
1121 2139 1200 2198 Nam
1216 2140 1377 2216 Tscheleju
1398 2141 1493 2213 ricus,
1517 2141 1596 2200 unde
1616 2161 1673 2218 pro·
1751 2195 1752 2228 3

355 2247 419 2318 diit‚
442 2263 508 2304 cum
532 2249 573 2302 sit
594 2264 611 2302 e
632 2244 754 2320 regione
778 2241 882 2313 Oesci‚
905 2243 969 2300 siue
991 2242 1082 2300 dubio
1105 2251 1237 2302 castrum
1259 2245 1404 2303 remansit
1424 2244 1466 2302 ibi
1489 2252 1581 2302 etiarn
1602 2253 1673 2321 post-

358 2368 448 2426 quam
470 2347 569 2406 Dacia
590 2346 718 2405 Romani
747 2355 910 2404 cesserunt.
956 2342 1069 2403 Verum
1096 2356 1143 2403 est
1164 2354 1233 2404 ante
1255 2345 1399 2406 Severum
1420 2364 1543 2423 quoque
1565 2348 1674 2408 eandem

356 2452 505 2529 legionem
531 2452 563 2508 in
584 2449 701 2507 Moesia
726 2448 869 2506 inferiore
896 2455 996 2506 castra
1017 2448 1172 2519 habuisse3
1201 2448 1253 2507 sed
1276 2449 1303 2506 ei
1325 2455 1387 2506 tum
1410 2449 1439 2506 in
1461 2451 1567 2528 tegula
1586 2451 1674 2508 datum
1752 2463 1753 2500 ῑ

357 2573 427 2614 esse
448 2571 596 2632 agnomen
617 2551 787 2610 Moesiacae
810 2550 862 2608 vix
885 2549 1001 2609 videtur
1022 2569 1114 2626 posse
1137 2551 1261 2608 admitti.

359 2803 431 2865 463
459 2804 497 2861 ad
524 2823 551 2861 n.
571 2801 648 2861 1631
678 2799 728 2875 (cf.
757 2801 823 2859 add.
851 2821 880 2878 p.
900 2800 1004 2876 1019).
1047 2801 1084 2860 In
1111 2800 1212 2877 tegula
1239 2813 1286 2860 est
1310 2809 1386 2860 teste
1408 2802 1627 2878 Hirschfeldio,
1651 2811 1679 2861 ut

401 2925 469 2968 esse
491 2913 619 2981 oportet,
642 2920 698 2963 uso
714 2920 756 2962 uu
770 2920 787 2961 r
802 2921 826 2963 r.

361 3158 434 3220 464
456 3154 689 3217 Turn-Severin
710 3153 913 3232 compluribus
936 3153 1084 3230 exemplis
1107 3153 1281 3229 [Bulraresti
1303 3156 1334 3214 in
1356 3157 1443 3214 domo
1464 3157 1608 3234 Bolliac].

935 3327 991 3370 asc
1012 3317 1025 3368 i
1045 3327 1131 3370 rrau'

361 3472 534 3533 Hirschfeld
556 3490 585 3547 p.
601 3469 672 3528 426.
716 3467 837 3529 Similes
864 3469 982 3547 tegulae
1008 3469 1121 3545 passim
1148 3471 1337 3547 reperiuntur
1356 3471 1387 3528 in
1409 3470 1528 3530 Moesia
1552 3472 1679 3530 inferiore

364 3577 404 3653 (v.
427 3597 457 3635 n.
474 3573 577 3650 6239).
627 3571 779 3631 Drobetae
807 3579 907 3630 nutem
933 3575 1070 3648 quamvis
1097 3572 1128 3628 in
1154 3571 1253 3631 Dacia
1279 3573 1356 3632 sitne
1382 3591 1447 3631 cum
1474 3593 1572 3650 prope
1593 3575 1680 3633 absint

363 3698 382 3736 u
407 3678 515 3736 finibus
537 3675 670 3734 Moesiae
695 3674 860 3748 inferioris,
887 3675 1016 3750 legionis
1039 3675 1067 3732 ei
1088 3675 1257 3752 provinciae
1280 3676 1501 3752 praetendentis
1524 3677 1636 3753 tegulas
1654 3677 1680 3732 in

364 3781 463 3839 vicina
482 3795 603 3856 quoque
625 3785 761 3837 extrema
780 3777 908 3836 inveniri
929 3796 988 3835 non
1010 3795 1190 3854 magnopere
1212 3777 1345 3838 offendit.

365 4029 435 4092 465
460 4029 633 4106 [Buksresti
655 4027 686 4088 in
708 4027 831 4103 museo}
889 4083 891 4088 .

905 4141 1157 4260 alc-xmus

364 4289 539 4350 Hirschfeld
559 4309 590 4366 p.
608 4286 677 4346 412.

407 4393 501 4472 Legio
524 4392 599 4451 haec
621 4390 740 4449 cumin
762 4388 860 4448 Dacia
882 4409 942 4468 non
963 4389 1067 4460 fuerit,
1089 4389 1230 4449 fueritin
1252 4390 1369 4449 Moesia
1389 4389 1548 4465 inferiore,
1570 4392 1606 4450 ad
1627 4409 1681 4448 earn

367 4514 487 4575 quoque
508 4493 643 4571 pervenit
664 4493 745 4568 quod
766 4492 898 4550 diximus
920 4492 957 4550 de
978 4493 1232 4568 praecedentibus.

625 4907 746 4983 Tepulae
766 4907 920 4966 cohortium
939 4924 1171 4983 numerorumque
1192 4905 1233 4983 (p.
1251 4903 1320 4965 258.
1338 4905 1441 4982 1019).

371 5102 444 5163 466
466 5103 503 5160 ad
525 5121 553 5159 n.
574 5099 663 5175 1633,
680 5100 709 5160 2.
752 5100 788 5158 In
815 5101 916 5178 tegula
941 5100 1069 5159 habente
1094 5099 1224 5179 sigillum
1253 5101 1332 5160 idem
1353 5101 1399 5160 bis
1421 5102 1601 5177 impressum
1622 5117 1682 5156 aare

413 5221 479 5266 esse
503 5220 567 5268 corr
590 5213 611 5263 Π
632 5221 670 5266 aa
692 5220 732 5269 ω
754 5211 857 5264 auctor
879 5210 926 5266 est
946 5201 1120 5264 Hirschfeld
1141 5222 1171 5280 p.
1187 5203 1257 5262 414.
