3532 5938
533 874 991 988 ADDITAMENTA

395 1077 471 1160 nn
501 1077 759 1162 CORPORIS
790 1077 1048 1162 vouvnun
1076 1080 1124 1196 u.

313 1463 441 1560 Lux
471 1460 799 1560 COLONIAE
831 1459 1201 1558 GENETIVAE

576 1621 702 1680 DENVO
722 1627 941 1680 RECOGNITA.

95 1763 152 1904 P
154 1851 297 1921 ootquam
319 1842 437 1903 tabulae
458 1851 519 1901 tres
541 1841 667 1920 exlege
690 1841 826 1900 coloniae
841 1839 1007 1901 Genetivae
1029 1840 1162 1918 reliquae
1184 1839 1305 1916 Hispali
1327 1847 1425 1900 trana-

96 1947 168 2004 latae
195 1955 268 2006 sunt
290 1945 438 2004 Malacam
462 1944 501 2003 ad
522 1945 722 2004 marchionem
746 1943 782 2002 de
805 1941 886 2003 (lasa
906 1943 1035 2019 Loring,
1062 1944 1113 2019 qui
1135 1961 1202 2002 curn
1224 1943 1305 2020 leges
1328 1943 1424 2001 Mala·

94 2052 215 2109 citarem
245 2055 278 2106 et
300 2045 518 2125 Salpensanam
545 2047 618 2106 olim
640 2065 711 2105 suas
733 2045 866 2120 fecisset,
893 2047 948 2103 hae
971 2063 1093 2122 quoque
1114 2065 1209 2122 nuper
1230 2046 1316 2117 emit,
1341 2047 1425 2105 misit

94 2153 174 2212 uobis
200 2151 357 2228 Berlanga
384 2159 487 2208 noster
512 2159 620 2226 ectypa
645 2169 745 2210 earum
773 2149 832 2207 duo
860 2149 941 2207 facta
968 2167 1004 2206 ca
1029 2167 1115 2221 cura,
1145 2167 1223 2224 quae
1249 2151 1276 2207 ei
1303 2149 1426 2226 propria

93 2263 143 2327 est,
165 2265 194 2312 et
216 2261 281 2313 tam
304 2253 453 2313 evidentia
473 2259 502 2310 ct
524 2261 616 2324 certa,
638 2260 671 2309 ut
693 2251 829 2330 singulas
850 2250 965 2309 litteras
988 2258 1108 2328 practer
1128 2269 1243 2326 paucas
1264 2251 1295 2308 in
1317 2253 1426 2328 margi·

93 2357 173 2415 nibus
198 2365 413 2415 evanescentes
435 2355 466 2413 in
488 2362 594 2432 ectypo
616 2353 728 2429 pariter
749 2361 838 2430 atque
859 2355 890 2410 in
912 2354 1074 2430 archetypo
1097 2353 1264 2428 dignoscas.
1305 2352 1424 2412 Nihilo·

92 2461 185 2517 minus
212 2459 321 2536 paucis
348 2467 462 2516 tanturn
489 2456 565 2515 locis
592 2458 726 2515 recensio
753 2475 820 2514 mea
841 2457 905 2514 eius
928 2475 985 2532 ope
1008 2457 1180 2534 corrigitur,
1208 2455 1287 2532 quod
1309 2455 1425 2514 scilicet

93 2561 126 2620 ab
155 2562 261 2620 eodem
293 2559 443 2637 Berlanga
471 2567 560 2618 antea
587 2559 647 2616 ianr
676 2577 887 2635 acceperamus
916 2559 1074 2618 lectionem
1102 2559 1272 2617 absolutam
1300 2558 1363 2617 fere
1393 2566 1423 2617 et
1486 2611 1491 2618 .

92 2663 286 2722 emendatam.
336 2660 396 2722 Sed
428 2664 458 2721 in
487 2669 679 2720 monumento
707 2671 767 2720 tarn
797 2661 917 2740 egregio
944 2681 982 2721 ne
1009 2661 1087 2721 ullus
1117 2678 1231 2719 naevus
1259 2670 1421 2734 remancat,

92 2785 172 2846 quem
199 2775 311 2825 nostra
331 2784 423 2843 opera
443 2765 550 2823 tollere
572 2763 736 2838 possimus,
761 2764 875 2840 placuit
895 2771 990 2822 totam
1011 2764 1109 2840 legem
1130 2764 1179 2821 hic
1199 2771 1334 2840 repetere
1356 2763 1422 2821 dili-

92 2879 188 2944 genter
214 2887 396 2946 expressam
424 2886 464 2926 ex
489 2885 558 2925 aare
584 2873 645 2925 tam
673 2886 691 2924 a
716 2884 763 2926 me
790 2885 879 2943 quam
901 2865 938 2923 ab
960 2866 1105 2925 Hdbuero
1133 2866 1229 2944 denuo
1257 2885 1323 2925 cunr
1350 2884 1423 2924 cura

92 2972 250 3050 recognito.
297 2970 405 3029 Paullo
433 2969 573 3046 graviora
598 2977 711 3041 autem,
738 2968 846 3046 quibus
875 2969 1006 3028 secunda
1027 2971 1102 3028 hacc
1123 2969 1258 3029 recensio
1282 2987 1300 3026 a
1321 2969 1421 3046 priore

93 3074 207 3146 recedit,
229 3075 285 3132 hic
306 3074 540 3150 composuimus.

158 3177 185 3248 l,
223 3187 239 3234 7
297 3190 504 3234 s·r·s-r·u
531 3174 635 3234 estin
662 3193 745 3246 aere3
773 3174 853 3250 quod
880 3174 936 3233 fuit
963 3189 1183 3246 s·r·s·r·1.,
1212 3173 1420 3251 quadratarius

296 3279 362 3356 ipse
383 3278 561 3336 emendavit.
992 3274 996 3286 '

155 3379 184 3454 2,
222 3391 240 3440 5
297 3396 398 3439 raxar
421 3398 482 3452 aes,
505 3389 537 3440 ut
558 3379 622 3438 dixi
644 3398 711 3440 esse
734 3387 883 3458 oportere,
904 3397 965 3436 non
988 3395 1082 3438 ranr.

205 3493 242 3542 20
297 3481 481 3560 Dernburgii
508 3483 657 3561 egregiam
684 3484 885 3541 coniecturam
911 3501 945 3540 ea
965 3500 996 3540 re
1021 3499 1076 3558 pro
1103 3499 1137 3540 aa
1158 3501 1190 3540 rc
1216 3482 1247 3539 in
1274 3500 1421 3541 commen-

295 3585 371 3644 tario
394 3585 437 3661 (p.
453 3586 526 3661 141)
549 3593 667 3644 secutus
688 3586 788 3644 nescio
810 3603 870 3661 qua
891 3585 1022 3643 amentia
1043 3602 1097 3643 suo
1119 3585 1186 3643 loeo
1203 3585 1299 3643 omisi.
1336 3583 1421 3643 Duo·

294 3706 360 3746 rum
382 3686 595 3747 elementorum
617 3689 731 3765 figurae
752 3699 813 3746 tam
837 3697 906 3746 sunt
928 3687 1055 3760 similes,
1082 3696 1114 3745 ut
1134 3686 1275 3746 facillime
1297 3687 1420 3747 consuu-

295 3790 411 3849 dantur.

155 3894 184 3965 3,
222 3905 236 3952 1
295 3907 417 3951 aeurcn
439 3911 505 3964 aes,
528 3908 644 3952 naurcrr
667 3891 830 3970 Berlanga:
859 3891 936 3951 unda
962 3893 1097 3951 firmatur
1124 3893 1204 3969 quod
1224 3892 1343 3951 restitui
1366 3909 1418 3951 ue·

295 4011 391 4055 ιεετι.

221 4107 239 4158 3
294 4115 348 4174 pro
369 4105 440 4157 tivra
461 4100 491 4158 in
514 4116 583 4156 aere
605 4107 694 4156 antea
713 4097 769 4156 fuit
789 4105 883 4156 luvra.

204 4212 242 4261 24
294 4210 364 4278 post
385 4217 452 4258 rm
475 4200 550 4260 duae
571 4201 690 4260 litterae
712 4218 816 4260 erasae
839 4209 918 4272 sunt,
941 4218 1017 4277 quae
1039 4200 1175 4258 videntur
1195 4199 1289 4259 fuisse
1309 4215 1386 4258 om.

156 4303 185 4374 4,
206 4314 241 4363 19
294 4321 349 4379 pro
372 4317 557 4361 nsnvnrranr
580 4304 611 4362 in
633 4321 701 4362 aere
723 4302 781 4360 fuit
802 4318 1001 4361 oeuvnrraar.

204 4415 241 4464 20
294 4415 535 4476 amrQrassvn
551 4421 636 4463 rr·u·
659 4423 718 4463 aes.

204 4517 240 4566 27
294 4522 385 4564 Η-ιιιι
412 4525 479 4580 aes3
510 4524 592 4566 uun
618 4525 701 4566 error
728 4517 775 4566 est
801 4525 973 4584 operarum,
1002 4515 1035 4566 ut
1062 4509 1247 4586 intellegitur
1273 4527 1312 4566 ex
1339 4525 1416 4568 com·
1486 4501 1493 4518 '

293 4610 448 4669 meutario.
1092 4591 1094 4597 ’

157 4711 185 4784 7,
222 4722 240 4771 6
294 4727 453 4770 orrruaen·
474 4731 536 4784 aes,
558 4729 722 4772 oerrnrerr
745 4711 904 4792 Bcrlanga.

205 4813 327 4880 31-8‚
344 4824 377 4874 13
403 4831 479 4890 quae
506 4815 672 4874 minoribus
695 4815 803 4874 litteris
826 4816 936 4892 scripta
957 4821 1036 4887 suut,
1059 4834 1096 4873 ea
1117 4815 1270 4876 evidenter
1291 4821 1417 4893 apparet

293 4916 406 4975 omissa
427 4934 495 4974 esse
517 4918 554 4974 ab
577 4935 612 4974 eo
634 4917 684 4992 qui
707 4935 758 4975 aes
774 4919 896 4993 scripsit
910 4918 1007 4994 spatio
1023 4935 1116 4976 vacuo
1136 4917 1248 4990 relicto,
1268 4927 1299 4977 et
1312 4928 1417 4996 postea

294 5018 332 5077 ab
354 5018 414 5077 alio
437 5018 628 5095 quadratario
651 5019 800 5096 suppleta.

158 5119 187 5192 8,
223 5131 241 5179 6
293 5120 356 5197 liet]
380 5121 766 5197 ruraes,ua1Berlanga.

208 5235 241 5281 11
296 5237 453 5282 aovarsvs
475 5241 537 5298 aes,
559 5238 714 5282 nrvsrsvs
737 5223 895 5302 Berlanga.
