3530 5932
357 508 701 562 commnnrnmouus
719 510 998 562 nmemrmonn
1018 512 1122 566 nnus.
1331 495 1376 564 17
1382 494 1402 566 3

93 682 134 743 dl.
172 682 291 741 Titulus
319 683 410 741 rubro
432 683 530 741 colore
557 683 656 760 pictus
683 683 713 742 in
736 682 835 760 lapide
857 684 950 743 tofino
972 683 1089 744 aedium
1111 687 1203 745 vicolo
1226 690 1272 747 dei
1294 688 1404 766 Supra·

124 788 213 856 suus,
234 785 282 844 cui
306 786 494 862 subscriptus
516 795 562 846 est
583 785 687 844 titulus
709 784 838 845 Latinus
861 783 1201 867 (0.1.Lar.1V,31).·

533 1504 558 1551 v
573 1536 580 1552 .
596 1504 614 1554 s
629 1535 638 1553 .
654 1477 863 1596 vaslmbails
882 1505 907 1596 u
932 1479 994 1577 (l).

158 1707 349 1768 Delincatum
372 1711 474 1788 accepi
496 1728 515 1767 a
536 1709 572 1768 R.
590 1707 735 1770 Sebosus.
779 1709 868 1768 Hanc
889 1705 1115 1787 inscriptionem
1138 1731 1176 1772 ex
1198 1713 1292 1772 titulis
1318 1733 1403 1790 prse-

86 1809 245 1870 cedentibus
270 1812 315 1871 sic
337 1811 532 1890 supplendam
556 1821 645 1890 atque
668 1812 875 1890 explicandam
898 1813 1040 1873 arbitror:

535 2384 629 2482 ‚puf
701 2383 839 2456 faemat

533 2529 557 2577 v
572 2560 580 2576 .
597 2503 749 2605 s[e]vasi
775 2529 812 2578 m
838 2503 931 2622 baiis
951 2530 974 2622 p
992 2504 1064 2635 (l).¹

381 2725 409 2740 ..
431 2682 533 2740 Maras
556 2679 694 2741 Sadirius
715 2679 804 2740 Lucii
825 2681 856 2754 f,

317 2867 322 2878 1
379 2827 388 2842 .
410 2785 462 2843 ubi
483 2785 600 2843 habitat

381 2886 488 2946 Vibius
512 2884 656 2946 Serasius
672 2885 716 2963 (i)
738 2885 811 2945 Msii
834 2887 853 2944 l.
877 2885 970 2946 Baius
993 2905 1012 2944 v
1027 2885 1079 2962 (l).

157 3079 256 3138 Etiam
285 3079 322 3138 de
352 3080 409 3137 boo
429 3078 516 3137 titulo
543 3079 590 3155 egi
617 3078 648 3135 in
670 3079 933 3151 commentatione,
959 3077 994 3135 Z.
1010 3076 1068 3153 fiir
1088 3077 1176 3154 oerpl.
1200 3075 1270 3153 Spr.
1295 3077 1404 3150 XXII,

86 3199 110 3253 p.
125 3181 255 3258 ttssq„
285 3183 316 3240 in
338 3199 399 3258 qua
419 3179 561 3256 exposui,
589 3179 661 3256 qnid
683 3199 720 3238 ex
742 3181 789 3238 his
812 3189 953 3256 quattuor
974 3178 1066 3239 Oscis
1088 3179 1306 3239 domiciliorum
1328 3178 1404 3238 indi-

89 3282 159 3342 cibus
178 3283 209 3342 iu
231 3283 400 3362 parietibus
423 3283 540 3341 aedium
568 3281 708 3359 penicillo
736 3282 825 3359 pictis
853 3283 892 3340 ad
921 3290 1030 3340 statum
1057 3281 1158 3359 oppidi
1180 3281 1404 3360 Pompeiorum,

88 3385 173 3459 qualis
188 3386 279 3446 luerit
293 3383 471 3446 Samnitium
487 3394 594 3456 aetate,
617 3382 852 3460 cognoscendum
869 3384 969 3460 colligi
991 3392 1021 3442 et
1041 3384 1146 3444 referri
1161 3401 1254 3460 posse
1268 3385 1405 3444 videatur

88 3485 115 3560 (t.
129 3507 150 3546 c.
168 3509 199 3565 p.
214 3489 279 3549 294
293 3507 337 3566 sq.
361 3487 421 3546 296
436 3506 479 3563 sq.
501 3485 591 3563 299).

359 3627 400 3633 ...-
405 3627 416 3632 -
420 3627 483 3632 ..---
501 3625 560 3631 .-.--
598 3625 620 3630 ...
624 3623 684 3630 ..φ-ι
1097 3626 1404 3636 ——m-

89 3731 133 3793 db.
173 3735 296 3796 Titulus
319 3736 412 3794 rubro
434 3735 534 3794 colore
556 3734 654 3810 pictus
677 3735 707 3792 in
729 3735 830 3811 lepide
853 3734 944 3793 totino
966 3735 1047 3812 pilae
1068 3734 1186 3809 positae
1209 3753 1303 3812 prope
1325 3736 1404 3794 ther·

120 3857 178 3896 mas
198 3837 258 3898 iuri
280 3838 465 3897 occidentem
487 3853 593 3896 versus
616 3840 728 3913 rupious
746 3837 815 3907 VII,
837 3838 913 3896 isola
933 3837 965 3909 V,
989 3837 1048 3896 loto
1070 3838 1273 3896 meridionale:

278 4011 390 4108 m(.)a
405 4067 413 4082 .
429 4008 659 4108 kastriki[s].
789 4030 889 4089 Maius
913 4027 1080 4090 Castricius

277 4157 335 4205 mr
351 4189 360 4204 .
376 4129 536 4231 Spurikls
552 4187 558 4202 .
574 4129 588 4202 l
789 4151 891 4210 Maras
915 4149 1071 4226 Spuricius
1093 4148 1184 4209 Lucii
1205 4152 1237 4220 f,

277 4254 348 4354 puf
359 4311 366 4325 .
381 4253 520 4326 faamat
791 4272 842 4331 ubi
864 4271 979 4331 habitat:

277 4400 301 4447 v
316 4432 324 4448 .
342 4373 425 4450 sehs
452 4374 590 4448 imbrar
610 4373 660 4471 <.)
678 4417 729 4428 --
790 4391 900 4452 Vibius
925 4392 1033 4454 Senius
1056 4391 1243 4470 Impera...?

158 4588 375 4666 Apograpbum
397 4588 479 4647 misit
501 4586 539 4647 G.
562 4587 598 4644 de
621 4587 725 4658 Petra,
753 4587 804 4662 qni
826 4585 930 4644 scribit
956 4586 1036 4644 hunc
1056 4585 1176 4643 titulum
1198 4593 1312 4644 aestate
1335 4587 1404 4644 anni

91 4683 155 4745 1873
171 4691 199 4747 vi
215 4691 291 4749 solis
314 4699 343 4749 st
365 4709 459 4766 aquae
480 4690 652 4748 restitutum
667 4687 847 4765 apparuisse
867 4688 898 4746 iu
920 4688 992 4764 pila,
1014 4704 1091 4763 quae
1105 4688 1164 4745 iam
1179 4707 1233 4764 per
1248 4686 1404 4746 dimidium

90 4791 226 4850 saeculum
254 4801 314 4851 stet
343 4793 463 4852 effossa.
508 4791 543 4850 ln
570 4811 606 4850 co
630 4791 701 4850 Sede
727 4801 773 4849 est
799 4790 1001 4849 nominativus
1027 4789 1103 4866 sing.
1126 4789 1256 4848 nominis
1284 4790 1404 4866 gentilis

90 4908 138 4946 una
157 4893 247 4972 stirpe
268 4895 325 4954 orti
348 4913 414 4953 cum
435 4894 546 4953 Latino
570 4891 670 4952 Setiae
692 4892 738 4967 (Ο.
755 4894 781 4950 Ι.
797 4891 866 4950 Lat.
883 4895 910 4962 I,
928 4893 1000 4968 147)
1023 4901 1111 4966 atque
1134 4892 1267 4950 eiusdem
1289 4893 1405 4951 formae

90 4993 252 5067 utHer'reus,
281 4995 375 5072 Upils,
398 4994 507 5055 Saloca
529 4993 580 5072 (C.
596 4997 721 5070 Auespr.
738 4994 782 5065 II,
798 4995 870 5065 605,
892 4995 934 5053 ed.
952 4993 995 5070 2).
1028 4991 1146 5052 Ultimis
1169 4993 1276 5053 litteris
1298 4995 1406 5054 imbrar

91 5105 131 5150 aut
162 5099 288 5169 indrutr,
330 5097 447 5156 videtur
485 5098 611 5157 subesse
649 5114 815 5173 cognomen
857 5095 989 5154 eiusdem
1035 5095 1137 5173 stirpis
1179 5103 1213 5154 ut
1253 5097 1404 5167 embrutur,

90 5189 145 5252 Lat
160 5200 323 5276 imperator,
344 5203 494 5278 imperare,
517 5203 673 5276 imperium.
706 5195 845 5258 Ceterum
866 5219 906 5258 ex
926 5198 985 5257 boc
1000 5198 1142 5258 domicilii
1165 5197 1263 5258 indice
1285 5198 1403 5260 collatis
