3530 5932
482 561 557 612 111
575 560 657 612 con.
678 537 905 613 1111111111.
1291 543 1367 612 145

65 740 129 800 citari
147 740 213 796 inter
227 737 326 794 liuram
346 737 498 794 sumendam
512 744 538 793 et
551 736 687 795 decimam
702 737 767 793 diei.
786 767 823 778 -
847 734 966 794 Deinde
980 735 1060 812 quod
1074 736 1126 794 lex
1142 734 1268 793 delatori
1284 743 1368 810 quat·

65 853 115 900 tuor
130 841 211 898 horas
234 839 295 910 dat,
319 838 576 914 subscriptoribus
600 837 725 915 singulis
747 837 844 910 binas,
867 857 919 897 reo
942 839 1135 916 patronisque
1157 837 1221 896 eius
1244 837 1369 896 alterum

64 952 153 1004 uuum
173 942 325 1018 temporis,
348 948 491 1017 quantum
514 941 707 1012 accusationi,
729 940 761 998 id
782 939 855 999 nihil
877 939 1009 1017 impedit,
1031 941 1192 1017 quominus
1214 959 1233 997 a
1252 939 1369 999 iudiciis

63 1047 164 1123 publicis
184 1063 262 1120 quae
284 1063 319 1104 ao
342 1053 476 1121 tempore
497 1043 528 1102 in
551 1043 624 1101 urbe
646 1044 751 1101 fierent
772 1043 950 1102 translatum
973 1061 1041 1101 esse
1063 1051 1216 1121 putemus;
1240 1046 1370 1104 certain

64 1167 136 1207 eausa
152 1147 317 1205 Miloniana
337 1145 419 1222 quod
441 1145 624 1204 accusationi
648 1144 723 1204 duae
746 1146 837 1203 horae
859 1144 948 1204 datae
970 1153 1049 1218 sunt,
1077 1146 1242 1205 defensioni
1264 1148 1370 1223 tree1),

63 1269 108 1310 non
126 1259 268 1328 quattuor,
292 1256 407 1308 tautum
429 1247 529 1320 abest,
552 1255 586 1305 ut
608 1249 646 1307 ad
667 1249 838 1324 exemplum
861 1248 938 1306 trahi
960 1249 1071 1325 possit,
1099 1255 1132 1306 ut
1154 1249 1309 1325 probabile
1331 1251 1371 1307 sit

63 1353 224 1430 iniquitatem
246 1352 323 1428 legis
345 1351 489 1410 adversus
512 1349 700 1409 defensorem
722 1352 752 1409 in
775 1369 811 1408 ea
832 1367 950 1427 quoque
971 1369 1004 1408 re
1027 1352 1118 1421 cerni,
1140 1352 1220 1427 quod
1235 1371 1272 1410 ex
1288 1361 1371 1428 quat-

64 1465 115 1514 tuor
131 1455 210 1514 horis
231 1453 373 1532 legitimis
395 1473 485 1512 uuam
506 1453 534 1509 ei
556 1451 694 1512 auferret.
736 1453 841 1530 lpsum
863 1453 1004 1511 horarum
1027 1473 1182 1512 numerum
1205 1455 1370 1530 legitimum

63 1577 103 1616 uec
126 1557 192 1616 eatis
220 1565 405 1632 compertum
433 1556 552 1615 aliunde
579 1553 762 1632 habemust)
789 1575 844 1614 nec
870 1555 1026 1633 probabile
1052 1564 1100 1614 est
1122 1558 1319 1633 aequabiliter
1340 1558 1372 1616 iu

62 1661 177 1718 omuibus
204 1659 324 1718 iudiciis
346 1659 383 1716 de
405 1677 441 1716 eo
463 1667 582 1717 cautum
603 1657 706 1718 fuisse.
750 1658 969 1717 Accusatorum
993 1667 1091 1717 autem
1114 1659 1207 1718 alium
1229 1659 1281 1718 alii
1303 1679 1371 1736 par·

63 1776 107 1821 tem
127 1762 265 1838 temporis
288 1761 346 1820 sibi
368 1759 429 1820 dati
452 1761 615 1819 concedere
637 1762 772 1838 potuisse
794 1761 883 1819 etiam
906 1757 1011 1818 Cicero
1034 1761 1232 1838 significati).

127 1865 245 1924 Aediles
267 1864 300 1922 in
320 1864 387 1940 lege
403 1882 469 1921 cum
485 1862 526 1920 ita
540 1863 742 1934 nominantur,
767 1869 799 1920 ut
813 1863 925 1938 pariter
940 1871 1029 1940 atque
1043 1864 1132 1921 lIviri
1148 1865 1242 1922 creari
1258 1864 1301 1939 (5,
1315 1863 1368 1940 29)
1394 1867 1501 1918 Aediles

63 1968 195 2026 iubeantur
222 1967 396 2044 pariterque
417 1963 628 2024 decurionibus
651 1967 855 2040 obtemperare
882 1964 931 2040 (t,
950 1964 1016 2040 32),
1044 1975 1104 2024 tum
1126 1968 1249 2043 propria
1270 1985 1373 2025 eorum

63 2070 145 2128 officia
168 2075 438 2128 commemorantur
460 2067 535 2126 iuris
557 2067 648 2126 dictio
670 2067 716 2144 (1,
737 2066 796 2144 29)
819 2075 849 2126 et
868 2068 1066 2127 munitionum
1089 2070 1212 2128 indictio
1236 2061 1287 2145 (3,
1308 2067 1373 2144 29),

64 2191 166 2248 quarum
187 2172 242 2230 illa
264 2177 336 2230 nota
357 2177 417 2242 est,
447 2171 520 2229 haec
545 2181 597 2228 aut
618 2172 721 2246 ignota
742 2179 793 2228 aut
816 2178 894 2230 certe
916 2189 1022 2249 parurn
1045 2167 1202 2247 testata4).
1246 2171 1374 2230 Videtur

64 2285 142 2332 tanen
162 2273 314 2333 eiusmodi
330 2291 412 2344 cura,
433 2281 594 2350 postquam
616 2273 795 2349 locupletem
817 2281 969 2332 auctorem
991 2283 1079 2332 nacta
1098 2282 1153 2346 est,
1174 2283 1254 2334 recte
1269 2275 1374 2334 referri

64 2377 194 2454 adipeam
209 2376 325 2434 urbem.
357 2374 438 2434 Natu
453 2376 586 2434 munium
602 2376 842 2452 quotidianorum
858 2377 1031 2452 primarium
1048 2396 1146 2436 curram
1162 2378 1274 2436 viarum
1291 2378 1373 2436 urbis

64 2479 265 2538 muniendarum
286 2477 500 2538 terrendorum
521 2477 747 2537 reficiendarum
770 2497 857 2536 nemo
879 2479 997 2557 ignorat
1017 2481 1138 2557 proprie
1161 2487 1314 2556 spectasse
1336 2480 1374 2537 ad

65 2581 168 2654 aedilea3
193 2588 379 2658 quapropter
404 2598 465 2657 quo
487 2580 708 2656 temporariae
738 2581 906 2657 similiaque
928 2600 988 2640 non
1009 2600 1063 2658 per
1084 2583 1287 2659 redemptores
1308 2602 1374 2640 mu-

64 2683 210 2756 niebantur,
239 2683 294 2742 sed
316 2683 382 2742 sola
402 2684 513 2741 civium
535 2701 628 2760 opera
649 2703 667 2742 a
689 2683 913 2760 magistratibus
935 2684 1060 2758 indicta,
1086 2685 1208 2744 indictio
1232 2685 1374 2744 aedilium

64 2783 136 2843 luerit
158 2801 281 2845 necesse
307 2795 363 2845 est.
383 2819 425 2828 —
452 2783 513 2845 Sed
540 2793 571 2844 ut
597 2786 670 2844 haec
694 2794 773 2845 recte
800 2788 982 2845 conveniunt
1006 2787 1045 2846 iis
1068 2806 1146 2864 quae
1168 2787 1205 2844 de
1227 2787 1374 2846 aedilibus

65 2897 196 2962 praeterea
216 2888 330 2947 tradita
351 2888 507 2959 habemus,
528 2888 572 2946 ita
593 2889 700 2946 mirum
720 2897 767 2947 cst
782 2889 811 2946 in
827 2888 1019 2948 decurionum
1036 2890 1162 2949 decretis
1177 2889 1321 2948 faciendis
1338 2889 1375 2948 de

64 2990 136 3048 rebus
154 2991 249 3050 sacris
273 2989 399 3066 (7,12),
425 2989 461 3048 de
484 2999 621 3049 senatore
643 2990 749 3066 populi
769 2991 899 3050 Romani
920 2999 1046 3069 patrono
1067 2994 1224 3069 hospitare
1244 2992 1374 3051 creando

67 3091 99 3165 (i,
112 3093 154 3150 39.
169 3092 234 3169 52),
257 3092 295 3152 de
317 3092 444 3170 pecunia
465 3093 586 3170 publica
605 3093 794 3152 decernenda
814 3094 859 3170 (8,
874 3094 928 3170 39)
951 3094 1085 3154 duoviris
1106 3103 1251 3172 perpetuo
1274 3095 1375 3170 aequi·

65 3195 146 3268 parari
166 3195 288 3268 aediles,
310 3213 378 3254 cum
401 3194 492 3253 aedili
513 3195 560 3253 ius
582 3196 729 3254 referendi
751 3215 811 3255 non
833 3197 928 3256 fuisse
949 3205 979 3255 et
999 3198 1042 3256 rei
1064 3197 1199 3274 publicae
1220 3198 1375 3256 Romanae

65 3299 225 3374 comparatio
253 3295 392 3356 ostendat
418 3307 447 3356 et
473 3299 554 3374 quod
578 3299 609 3356 in
632 3307 676 3357 tot
697 3298 823 3358 decretis
845 3299 1075 3376 municipalibus
1097 3300 1211 3358 nullum
1233 3308 1318 3358 extat
1337 3301 1374 3358 ab

66 3397 191 3459 eiusmodi
212 3400 394 3477 magistratu
415 3399 574 3476 factumi).
618 3401 760 3472 Accedit,
783 3402 863 3479 quod
885 3401 922 3459 de
943 3415 1069 3478 patrono
1092 3403 1219 3461 creando
1241 3421 1307 3462 cum
1329 3402 1374 3460 bis
1454 3408 1461 3418 ‘

66 3511 151 3576 agatur
169 3503 200 3560 in
220 3503 306 3562 hisce
329 3502 450 3574 tabulis,
474 3502 568 3561 altero
590 3503 657 3560 loco
681 3503 796 3579 (3,13)
818 3504 855 3562 de
876 3524 912 3564 ea
932 3525 964 3564 re
987 3505 1079 3563 refert
1093 3505 1169 3563 llvir
1191 3505 1303 3581 quique
1321 3523 1375 3582 pro

66 3615 192 3678 potestate
212 3615 268 3678 est,
290 3604 322 3664 id
337 3613 383 3664 eet
395 3604 474 3663 IIvir
487 3605 706 3681 praefectusm,
729 3605 822 3665 altero
845 3606 890 3682 (t,
907 3606 960 3683 39)
982 3607 1062 3666 IIvir
1076 3607 1183 3666 aedilis
1197 3607 1376 3684 praefectus.

68 3765 250 3778 ——————

127 3871 148 3934 ¹)
174 3875 271 3924 Asson.
291 3874 319 3924 iu
338 3873 657 3939 111111.ρ.37.40.42.
697 3873 788 3924 Cicero
808 3874 840 3924 de
860 3875 903 3925 fin.
921 3877 951 3937 4,
969 3877 1034 3937 1,1.
1072 3875 1145 3926 Brut.
1162 3875 1283 3938 94,324.
1322 3875 1375 3925 Ι)11

66 3965 150 4025 1152.
803 4033 806 4038 ¹

126 4055 149 4118 ²)
174 4060 206 4109 In
230 4058 430 4123 repetundarum
454 4059 563 4121 iudicio,
589 4059 658 4124 quod
680 4059 712 4109 de
730 4060 761 4110 L.
780 4059 874 4110 Flacco
893 4060 992 4110 factum·
1009 4068 1062 4122 eet,
1088 4061 1255 4126 subscriptori
1273 4076 1376 4112 accusa·

66 4147 128 4199 nonis
145 4167 189 4202 sex
208 4151 284 4201 boras
302 4151 348 4201 lex
367 4150 446 4202 debat
466 4150 586 4214 (11113).

127 4239 150 4302 ³)
177 4243 269 4327 Cicerp
287 4259 336 4308 pro
353 4243 449 4295 Flacco
466 4245 509 4307 32,
526 4246 573 4294 821
599 4245 641 4294 eui
659 4259 702 4294 eac
720 4243 798 4294 dorae
818 4245 914 4294 omniuo
935 4245 975 4296 lec
993 4243 1075 4307 dedit,
1097 4252 1213 4312 precarium
1232 4243 1330 4296 taudem
1347 4261 1377 4296 ec

68 4327 98 4380 lie
112 4331 177 4384 loris
195 4334 345 4400 detruderet,
367 4337 392 4386 ai
410 4335 457 4386 ati
473 4351 564 4387 morem
582 4351 669 4403 perere
688 4336 825 4387 uoletiseeti
863 4337 1007 4388 Postulavit
1025 4339 1102 4402 igitur
1121 4339 1222 4389 delator
1239 4339 1341 4389 Laelius
1361 4355 1376 4389 a

67 4424 219 4491 ubecnptorc
238 4429 368 4491 Deciano,
389 4436 417 4480 ut
439 4437 513 4496 parte
533 4431 655 4496 temporis
675 4430 724 4480 sibi
743 4428 853 4492 eederet,
874 4429 944 4498 quod
963 4445 1020 4481 eum
1040 4445 1092 4480 non
1112 4431 1246 4494 obtineret,
1267 4431 1299 4481 de
1318 4447 1376 4497 per-

67 4513 115 4568 tuis
131 4517 241 4571 Deciani
257 4527 361 4587 questus
379 4529 425 4572 eet.

127 4609 150 4672 ⁴)
175 4613 199 4662 A
218 4613 397 4680 Marquardtio
417 4611 580 4666 Stacteeerw.
602 4617 626 4678 1,
646 4614 698 4666 491
725 4614 834 4681 aliisque
858 4616 902 4681 qui
927 4599 1039 4667 affertur
1058 4617 1129 4668 loeus
1150 4617 1288 4682 Papiniani
1314 4615 1376 4682 Dig.

67 4699 102 4762 43,
117 4705 154 4766 10,
170 4707 195 4766 1,
215 4707 238 4756 is
255 4707 287 4756 ad
306 4713 450 4758 curatorem
470 4708 602 4773 municipii
621 4710 745 4772 pertinet,
766 4723 819 4758 nou
838 4709 871 4759 ad
890 4709 1013 4771 aedilem
1035 4724 1095 4759 nem
1115 4709 1205 4760 aedilis
1224 4697 1377 4777 ἆγορανέμος

68 4804 104 4854 eu,
124 4811 171 4846 uou
195 4787 340 4866 ἆστυνᾶμος.
377 4800 432 4850 Nec
457 4801 538 4866 magis
561 4800 611 4850 buc
634 4802 763 4867 pertinent
782 4801 847 4851 tituli
866 4801 902 4850 ibi
922 4803 993 4853 citati
1013 4801 1158 4854 Orellianus
1172 4803 1243 4853 3973
1263 4808 1289 4852 ct
1305 4803 1328 4852 I.
1341 4801 1376 4853 N.

72 4885 139 4950 14813
165 4903 225 4940 uam
254 4907 309 4941 cum
336 4891 432 4942 aediles
457 4893 484 4943 iu
507 4893 554 4942 illo
578 4893 605 4943 iu
628 4893 696 4943 viam
723 4899 818 4943 certam
842 4909 969 4944 summam
994 4895 1095 4946 dedisse
1118 4895 1248 4957 dicautur,
1277 4895 1303 4944 iu
1328 4895 1377 4944 hoc

70 4977 125 5027 tiam
147 4981 265 5048 lacusque
286 4984 390 5046 fecisse,
415 4985 450 5033 ibi
476 4985 570 5035 diserte
595 4985 699 5036 additur
719 4986 920 5036 ideosfecisse
940 4985 1118 5049 obducerem,
1143 4987 1186 5037 hic
1203 5003 1265 5038 uero
1283 4988 1376 5053 proba-

70 5065 140 5121 iliter
160 5073 229 5124 idern
254 5075 414 5142 intellegitur.
452 5078 491 5127 At
514 5091 580 5143 quae
604 5078 636 5127 ob
661 5078 787 5128 honorem
812 5079 891 5141 fiunt,
917 5095 969 5130 uon
993 5081 1057 5130 liunt
1080 5096 1127 5145 pro
1151 5087 1285 5145 potestate.
1321 5081 1377 5130 Nec

71 5165 138 5227 mne
155 5165 229 5216 utiles
248 5175 304 5218 suut
322 5169 390 5219 tituli
408 5163 504 5220 similes
523 5170 576 5232 alii,
596 5176 623 5220 ut
642 5171 721 5221 vol.I
740 5187 765 5221 1.
780 5170 842 5220 604.
859 5173 939 5222 1490.

134 5252 156 5316 ⁵)
183 5257 252 5310 Vide
270 5276 358 5312 comm.
378 5277 464 5314 meum
484 5261 518 5314 ad
536 5263 606 5330 leges
624 5262 727 5316 Flavias
745 5279 772 5330 p.
792 5265 854 5316 444.
