3530 5932
329 560 672 632 commessationes
692 562 969 614 artensemcru
989 562 1091 614 unus.
1308 540 1379 612 191

59 737 107 796 86.
148 736 297 796 Denarius
328 735 479 794 sociorum
506 734 537 792 in
561 735 642 796 bello
663 738 803 808 Marsico,
831 757 926 814 nuper
946 737 1116 815 publicatus
1144 754 1183 794 ex
1203 734 1381 794 collectione

58 857 235 898 nummorum
264 839 348 897 ducis
377 839 413 896 do
440 836 549 900 Blacas
577 841 619 916 (a.
642 843 708 911 221,
729 841 789 917 a),
817 842 901 900 cuius
923 842 953 899 in
976 839 1070 898 altera
1090 847 1176 916 parte
1198 818 1382 914 cdnspicitur

57 949 135 1017 caput
154 941 243 1000 tirile
259 941 370 1000 hedera
384 951 570 1016 coronatum,
593 944 623 1003 in
645 943 740 1004 altera
761 952 866 1004 taurus
887 945 983 1003 victor
1003 942 1106 1018 lupam
1130 941 1271 1000 afflictam
1287 959 1382 999 cornu

57 1044 180 1104 mulcens
202 1063 272 1103 cum
294 1043 509 1121 inscriptione}

385 1233 524 1308 vitelliti
935 1257 1031 1316 ltalia.

56 1457 79 1506 et
97 1447 192 1506 litters
213 1468 233 1506 α
247 1446 331 1507 Osca
352 1467 446 1525 supra
466 1448 576 1522 posita,
598 1449 729 1509 Histoire
752 1454 785 1510 ds
808 1453 838 1509 lc
853 1453 984 1509 morracio
995 1451 1134 1508 Romcinc
1148 1448 1183 1506 ds
1198 1445 1248 1503 Tit.
1262 1444 1380 1504 Momm·

56 1570 104 1619 sert,
125 1553 200 1608 uod.
223 1553 260 1610 ds
283 1551 389 1611 Allem.
411 1573 469 1628 par
491 1553 516 1612 Ic
538 1556 592 1612 dcc
614 1557 648 1613 dc
670 1554 793 1626 Blccas,
811 1554 892 1630 publ.
914 1573 946 1629 p.
970 1553 995 1610 I.
1020 1553 1054 1610 dc
1081 1551 1176 1619 Witte,
1198 1548 1243 1621 II,
1261 1567 1293 1625 p.
1311 1546 1378 1617 531,

56 1654 122 1712 uude
143 1653 285 1724 Febretti,
307 1653 399 1712 Prim.
423 1657 517 1732 suppl.
542 1667 600 1715 cut.
624 1658 752 1716 iacuit.
775 1657 886 1716 usos.
929 1653 1128 1714 Nummorum
1150 1651 1241 1709 huius
1261 1650 1380 1726 generis

55 1773 159 1832 praeter
189 1776 227 1813 ea
250 1757 446 1835 exemplaria,
480 1778 557 1836 quae
583 1760 606 1818 1.
632 1757 848 1818 Friedlaender
869 1757 1031 1834 descripsit
1056 1763 1086 1814 et
1107 1753 1286 1823 illustravit,
1310 1751 1380 1811 Oslc.

56 1859 137 1916 litu.
154 1879 187 1935 p.
212 1860 348 1918 73-85.
378 1871 396 1918 t.
424 1861 482 1918 IX.
512 1863 552 1920 X.
580 1864 616 1938 cs.
640 1863 744 1920 Moms.
774 1861 838 1920 Urit.
868 1860 951 1919 Dici.
975 1879 1007 1936 p.
1029 1858 1095 1916 201.
1121 1857 1189 1915 260.
1234 1854 1321 1914 Fata
1348 1854 1379 1914 0.

54 1959 127 2018 lit.
150 1959 242 2020 2849.
270 1961 360 2035 2851,
384 1964 475 2022 etiam
496 1964 681 2040 exemplaria
703 1963 891 2024 collectionis
914 1961 1081 2031 Foxianae,
1105 1977 1181 2035 quae
1202 1976 1297 2034 nuper
1319 1955 1380 2014 vidi

55 2063 201 2122 inmuseo
229 2063 436 2136 Beroliuensi‚
472 2068 574 2125 omnia
606 2084 716 2126 nomen
748 2066 822 2124 deae
855 2073 883 2123 et
910 2065 992 2124 urbis
1018 2063 1126 2122 Italiac
1153 2060 1247 2120 uual
1279 2057 1381 2117 litters

56 2166 182 2242 scriptum
214 2166 347 2225 habent:
392 2168 504 2228 Vitellii.
547 2169 655 2245 Itaque
689 2169 813 2245 scriptio
852 2167 969 2228 Vitellii
1004 2166 1035 2223 in
1068 2181 1190 2222 nummo
1227 2161 1310 2222 ducis
1343 2162 1381 2222 de

56 2266 158 2340 Blaesus,
179 2269 335 2346 duplicem
357 2271 370 2328 l
390 2270 508 2330 videtur
530 2273 662 2330 traxisse
682 2289 703 2329 a
723 2271 834 2330 Latino
857 2269 978 2329 nomiue
1008 2266 1128 2328 Vitellio.
1178 2262 1318 2325 Ceterum
1340 2281 1380 2321 ex

56 2379 115 2446 typo
139 2372 216 2430 tauri
239 2370 401 2432 Samnitici
435 2374 558 2432 victoris
590 2375 692 2452 lupam
725 2373 893 2432 Romanam
916 2371 1057 2430 afflictam
1094 2386 1186 2427 cornu
1219 2364 1378 2425 mulcentis

57 2473 174 2532 conicere
205 2475 292 2546 licet,
325 2474 404 2534 hunc
432 2494 585 2535 nummum
618 2497 636 2535 a
672 2473 856 2536 Samnitibus
886 2491 992 2533 cusum
1023 2489 1091 2530 esse
1122 2489 1184 2530 non
1217 2489 1236 2528 a
1267 2469 1379 2529 Marsis

58 2571 279 2638 Corfiniensibus
304 2576 429 2654 (Flr'cdl.
453 2579 472 2638 l.
496 2598 519 2637 c.
538 2598 571 2656 p.
598 2578 648 2638 69.
672 2581 717 2637 71.
743 2579 789 2638 76.
816 2575 890 2654 86).

612 3270 812 3333 LVOANIA.

59 3459 103 3519 87.
140 3461 233 3540 Lapis
262 3479 452 3520 marmoreus
478 3460 560 3520 rudis
587 3460 772 3537 marginibus
805 3459 954 3534 utrimque
980 3456 1098 3516 detritis
1129 3464 1219 3533 atque
1242 3454 1378 3514 infractis

91 3573 211 3624 ceterum
250 3565 388 3642 integer,
419 3563 557 3623 inventus
593 3563 625 3621 in
660 3561 752 3622 fundo
791 3561 894 3639 oppidi
929 3561 1028 3618 Dicto
1067 3577 1163 3635 prope
1199 3557 1311 3617 fontem
1343 3556 1376 3617 S.

95 3667 248 3726 Giucanni:

518 3841 707 3896 ΑΛΑΠΟΝΙΣ
723 3881 731 3896 .
749 3839 907 3895 ΠΑΚΕΗΙΣ
925 3888 935 3910 x

540 3998 674 4053 ΟΠΙΕΣ.
689 3998 754 4053 nm
768 3999 774 4051 Ξ
789 3999 845 4052 tlt
858 4037 865 4052 .
880 3997 953 4052 ΕΚΟ

538 4155 676 4210 testati
693 4196 700 4211 .
717 4155 810 4209 ΕΑΛΕ

125 4370 189 4430 Duo
208 4366 392 4448 apographa
407 4365 496 4424 huius
512 4363 717 4440 inscriptionis
730 4361 858 4422 coniecit
869 4360 1013 4421 Mandelli
1027 4360 1058 4420 in
1069 4363 1147 4421 libro
1163 4360 1376 4438 manuscripto

63 4469 91 4527 de
107 4471 243 4544 Lucania,
279 4469 345 4531 Vol.
369 4467 395 4540 Ι,
412 4487 444 4545 p.
473 4467 561 4526 9401
587 4465 651 4525 Vol.
678 4466 723 4524 ΙΙ.
750 4469 780 4523 in
795 4466 863 4540 fine,
887 4463 1013 4522 alterum
1035 4464 1151 4523 mendis
1172 4481 1232 4521 non
1254 4479 1376 4535 vacans,

63 4572 163 4632 sltem
184 4574 289 4653 lapide
313 4571 413 4630 denuo
436 4569 605 4629 examinato
621 4575 784 4627 correctum
800 4575 889 4644 atque
905 4567 1102 4640 emendatum,
1124 4565 1205 4643 quod
1226 4564 1265 4622 ed
1286 4565 1375 4624 linem

64 4671 115 4733 libri
133 4677 176 4736 sui
195 4676 319 4737 adiecit.
364 4673 581 4751 Interpretatus
603 4689 668 4729 sum
689 4669 807 4729 titulum
830 4689 851 4726 a
869 4669 926 4728 Th.
949 4668 1117 4728 Mommsen
1137 4670 1169 4727 in
1190 4669 1286 4727 lucem
1308 4684 1377 4743 pro·

65 4783 177 4852 tractum,
198 4789 228 4840 et
249 4776 461 4838 demonstravi
481 4774 524 4832 ita
545 4772 742 4850 supplendum
765 4781 854 4849 atque
875 4771 1075 4830 enarrandum
1097 4787 1179 4830 esse:

402 4959 438 5020 Δ.
465 4958 604 5021 sarova
630 4955 775 5046 lluafnrs

406 5099 507 5161 Omsr
533 5113 596 5156 πιω
624 5086 725 5184 αιςζο)
752 5111 806 5155 εκο
835 5075 964 5181 (dedet).

456 5235 592 5326 {claffo
613 5235 708 5326 fate.
