3530 5932
360 444 430 516 142
790 460 1101 512 nnnmnnnmvn
1118 459 1202 512 von.
1222 459 1253 511 11

356 637 509 698 sustinuit.
554 634 633 697 Sane
660 655 714 712 per
740 617 906 694 seminum
934 640 982 693 est
1003 632 1134 692 IIvirnm
1160 631 1253 692 simul
1281 641 1311 692 ει
1332 633 1481 710 praetoris
1504 640 1535 692 et
1554 634 1677 708 petitoris

357 739 456 798 officio
478 738 578 814 fungi3
602 737 654 796 sed
675 737 718 796 ita
739 737 771 796 in
792 737 858 816 lege
880 743 999 796 cantum
1021 745 1076 810 est,
1099 743 1321 812 excusatnrquc
1342 755 1379 794 ea
1399 735 1503 796 iudicii
1520 735 1678 794 constitutio

356 840 578 918 quedammodo
600 857 646 911 eo,
668 839 751 916 quod
773 859 840 898 cum
862 839 1057 919 magistratus
1072 839 1123 915 qui
1138 839 1223 916 petit,
1246 856 1306 916 quo
1321 845 1455 914 tempore
1469 837 1506 896 de
1521 857 1557 897 ea
1570 857 1602 896 re
1615 837 1679 898 iudi·

357 945 435 1002 cium
462 942 527 1000 fieri
548 948 679 1019 oportet,
707 941 773 1001 siae
794 942 875 1000 iusta
896 959 989 1001 causa
1010 961 1071 1000 non
1092 939 1192 1014 adest,
1220 959 1257 999 eo
1280 941 1402 1000 absente
1423 940 1564 999 iudicium
1585 940 1678 1000 nihilo·
1748 927 1749 992 ἕ

357 1045 457 1106 minus
472 1038 672 1123 perficitur¹);
695 1045 771 1103 satis
789 1044 867 1104 enim
882 1044 952 1104 inde
966 1043 1150 1121 intellegitur
1164 1042 1295 1102 IIvirum
1310 1043 1430 1102 nomine
1444 1045 1541 1120 magis
1556 1061 1642 1119 quarn
1652 1063 1680 1102 re

358 1148 469 1207 actoris
490 1147 624 1224 partibus
645 1146 778 1204 functum
801 1164 878 1206 esse.
922 1145 1001 1205 Nam
1023 1147 1160 1224 privatus
1182 1146 1209 1205 si
1231 1145 1369 1205 similiter
1390 1147 1490 1219 abest,
1512 1165 1572 1204 non
1595 1146 1679 1206 solun

358 1251 502 1310 indicium
530 1248 670 1321 solvitur,
698 1247 752 1308 sed
778 1249 868 1307 etiam
896 1257 978 1308 actor
999 1249 1037 1308 ab
1058 1249 1116 1307 hoc
1137 1265 1246 1326 genere
1267 1246 1442 1308 iudiciorum
1464 1248 1495 1307 in
1516 1256 1679 1334 perpetuum
1748 1251 1749 1318 g

362 1360 489 1414 arcetur.
1748 1333 1749 1358 ¹

227 1473 342 1521 Excusa-
443 1454 663 1514 Excusationes
679 1453 812 1513 absentis
825 1453 964 1532 petitoris
980 1462 1191 1513 enumerantur
1205 1464 1335 1530 septem:
1361 1453 1392 1530 1)
1415 1454 1536 1513 morbus
1551 1454 1680 1528 sonticus,

243 1547 326 1630 tiones
361 1557 394 1635 2)
418 1556 634 1629 vadimonium,
663 1555 695 1632 3)
717 1554 876 1629 iudicium,
905 1556 940 1633 4)
962 1556 1157 1628 sacrificium,
1188 1555 1221 1632 5)
1243 1555 1333 1616 sunus
1355 1554 1517 1628 familiare,
1546 1556 1580 1632 6)
1601 1557 1682 1614 feriae

238 1627 333 1669 ΝΟΜ
362 1660 527 1733 denicales,
552 1659 585 1735 7)
607 1658 799 1734 magistratus
821 1667 993 1735 potestasre
1015 1658 1118 1735 populi
1138 1658 1279 1716 Romani.
1322 1657 1438 1718 Harum
1461 1677 1616 1718 cansarum
1637 1669 1702 1717 sex*

360 1764 476 1841 primae
499 1761 636 1820 videntur
658 1761 810 1838 proficisci
831 1780 870 1820 ex
891 1761 968 1838 ipsis
989 1759 1053 1820 XII
1075 1761 1200 1832 tabulis,
1227 1761 1278 1820 ubi
1299 1761 1343 1820 sic
1363 1761 1565 1838 perscriptum
1586 1761 1640 1820 fnit
1656 1761 1682 1819 iu

360 1864 508 1926 secundae
527 1865 650 1922 tabulas
671 1863 803 1922 secunda
823 1863 903 1940 lege:
925 1864 1038 1922 morbus
1060 1865 1186 1922 sonticus
1208 1874 1260 1922 aut
1279 1871 1371 1923 statue
1393 1863 1454 1922 dics
1476 1881 1538 1922 cum
1559 1864 1633 1922 llcste

362 1967 530 2045 quidquid]
552 1967 653 2024 borum
667 1967 730 2040 suit
751 1984 837 2023 unum
858 1966 948 2024 iudici
968 1965 1110 2024 arbitrove
1129 1984 1210 2024 reove
1229 1985 1260 2024 co
1280 1967 1335 2036 die,
1358 1965 1444 2042 [dies]
1464 1966 1577 2043 diffisus
1591 1963 1681 2040 eccm).

361 2069 496 2128 Indidem
524 2069 636 2127 dudum
662 2067 846 2127 intellectum
873 2075 918 2126 est
943 2067 1073 2144 pendere
1100 2085 1222 2141 causas,
1252 2077 1374 2144 propter
1398 2086 1475 2145 quas
1501 2067 1589 2127 militi
1615 2067 1682 2126 lacto

362 2172 399 2232 ad
427 2171 504 2230 diem
531 2190 591 2230 non
618 2172 727 2232 adesse
753 2177 834 2229 recte
860 2168 983 2243 licebat,
1013 2171 1058 2228 sic
1084 2171 1195 2230 relatas
1221 2170 1299 2247 apud
1327 2169 1474 2230 Gellium:
1494 2172 1589 2244 sunus
1608 2172 1675 2246 seni

364 2277 450 2345 licre,
472 2277 602 2350 feriaeve
628 2273 772 2333 denicclce
799 2291 873 2349 quac
898 2291 955 2330 non
982 2274 1041 2330 cius
1069 2276 1112 2331 rei
1138 2291 1226 2332 cauca
1251 2277 1283 2330 ιιι
1309 2291 1370 2331 eum
1390 2273 1464 2332 diem
1485 2273 1607 2332 collatae
1629 2276 1683 2340 sict,

362 2396 418 2454 quc
439 2380 465 2435 is
489 2395 519 2434 co
543 2379 588 2434 die
609 2381 702 2436 minus
723 2377 763 2435 ibt
785 2384 870 2447 esset,
891 2374 1005 2434 morbus
1027 2378 1168 2446 contines,
1191 2379 1383 2451 auspiciumve
1403 2377 1483 2452 quod
1502 2379 1563 2434 sinc
1580 2375 1684 2451 pirou

358 2481 520 2557 praeterire
544 2496 600 2537 non
626 2479 726 2552 liceat,
754 2480 959 2556 sccn'yieiumue
979 2480 1223 2549 anniuersarium,
1249 2479 1327 2554 quod
1347 2488 1419 2536 recte
1433 2479 1501 2554 ficri
1521 2496 1578 2536 uon
1597 2480 1685 2554 pessit,

362 2586 421 2642 nebi
447 2584 527 2658 ipsus
550 2598 581 2639 eo
604 2583 649 2639 dic
671 2583 712 2640 lbi
732 2584 783 2654 cit,
809 2584 854 2639 cis
876 2580 1015 2652 dosteeue,
1042 2589 1133 2638 statua
1156 2581 1415 2639 condr'cturnedier
1437 2581 1605 2639 mulcete.
1645 2577 1685 2637 Ad

364 2684 487 2763 singula
508 2683 589 2759 quod
612 2683 734 2756 attinet,
762 2682 799 2742 de
820 2683 924 2741 morbo
946 2682 1064 2742 sontico
1086 2681 1276 2759 exploratum
1299 2692 1354 2742 est.
1397 2681 1609 2742 Vadimonium
1629 2700 1685 2740 con-

362 2787 496 2845 iunctum
523 2795 571 2844 est
597 2804 664 2845 curn
691 2804 726 2845 eo
749 2787 800 2862 qui
822 2785 854 2844 in
874 2784 940 2844 XII
962 2785 1074 2844 tabulis
1097 2794 1127 2844 ει
1147 2785 1315 2845 iuramento
1337 2785 1460 2845 militari
1480 2786 1603 2864 ponitur
1623 2794 1685 2843 stato

365 2891 409 2948 die
431 2907 493 2948 cum
514 2888 604 2960 leste,
632 2906 701 2946 nam
723 2895 820 2946 status
843 2887 908 2946 dies
930 2906 998 2946 cum
1019 2887 1121 2960 hoste,
1147 2887 1268 2965 siquid
1292 2887 1394 2960 video,
1416 2889 1515 2964 ipsum
1544 2895 1591 2948 est
1616 2887 1685 2944 radi·

364 2991 499 3050 monium
527 2991 638 3050 facturn
667 3007 733 3048 cum
762 2991 931 3067 peregrino.
979 2988 1128 3050 Iudicium
1159 3009 1178 3048 a
1206 2972 1374 3050 iuramento
1402 2991 1488 3050 abest
1516 2991 1581 3050 sine
1607 2989 1685 3047 dubio

364 3085 525 3172 propter'ea
552 3091 632 3169 qnod
659 3109 694 3150 eo
723 3092 843 3152 nomine
871 3091 957 3151 miles
986 3093 1066 3168 apud
1093 3093 1219 3153 iudicem
1246 3103 1424 3166 excusatur,
1451 3110 1513 3152 non
1541 3101 1686 3152 excusatur

364 3195 445 3274 apud
467 3195 581 3255 ducem.
620 3193 818 3266 Sacrificium,
840 3193 929 3254 funus
948 3194 1106 3269 familiare,
1128 3194 1222 3255 leriae
1244 3195 1395 3255 denicales
1416 3196 1544 3254 redeunt
1564 3195 1594 3254 in
1612 3193 1686 3251 iuris

364 3299 485 3358 iurandi
511 3297 648 3356 formula.
694 3295 830 3374 Septima
855 3305 952 3357 autem
980 3299 1137 3358 excusatio
1163 3299 1286 3376 propria
1311 3307 1359 3357 εει
1384 3296 1493 3357 iudicio
1515 3293 1687 3372 municipali,

365 3409 398 3460 ut
420 3401 536 3460 scilicet
556 3399 735 3476 quicumque
757 3409 879 3477 propter
900 3399 1109 3479 magistratum
1131 3401 1283 3477 publicum
1305 3400 1410 3477 populi
1426 3398 1553 3459 Romani
1572 3399 1602 3457 id
1616 3397 1687 3456 obire

285 3517 288 3522 ·
366 3503 478 3579 nequit,
502 3502 624 3579 perinde
646 3511 816 3561 excusetur.
839 3533 881 3546 -
907 3501 1047 3579 Denique
1068 3519 1129 3562 non
1151 3502 1345 3562 omittendum
1367 3511 1415 3562 est
1435 3501 1472 3561 de
1492 3502 1542 3562 his
1562 3497 1686 3579 petitoris

367 3605 621 3676 excusationibus,
646 3615 726 3664 certe
748 3605 800 3663 ubi
820 3605 931 3681 petitor
950 3604 1086 3682 privatus
1109 3613 1165 3676 est,
1187 3623 1247 3664 non
1269 3615 1493 3683 recuperatores
1509 3621 1686 3683 cognoscere,

367 3707 420 3767 sed
443 3707 660 3784 magistratum,
683 3706 763 3783 apud
786 3726 875 3784 quem
897 3726 934 3765 ea
953 3725 1002 3766 res
1025 3707 1123 3785 agitur
1144 3706 1187 3783 (2,
1202 3705 1266 3784 30).

233 3824 350 3876 'reectum
451 3810 520 3868 Duo
534 3828 649 3886 qenerc,
673 3807 914 3885 Quintilianus³)
930 3808 981 3882 ait,
1004 3820 1070 3868 sunt
1083 3813 1204 3880 testium,
1226 3821 1278 3870 aut
1290 3809 1516 3869 uoluntariorum
1531 3817 1582 3870 cut
1594 3825 1686 3876 corun,

243 3899 340 4022 (Ῑὲῐέζῐζ
369 3912 473 3989 quibus
497 3915 529 3970 tn
555 3913 670 3972 iudiciis
697 3912 821 3989 pctblicic
848 3913 908 3988 leuc
933 3912 1098 3971 muntiare·
1121 3911 1209 3984 solem
1233 3931 1355 3989 quorum
1375 3913 1466 3972 altere
1485 3931 1560 3990 pore
1580 3921 1687 3987 utraqu

368 4099 573 4110 ————·

446 4239 469 4304 ¹)
497 4241 567 4292 Nam
591 4241 800 4307 supplementum
821 4242 892 4307 qnod
916 4240 1042 4307 adscripsi
1066 4241 1100 4292 ad
1120 4243 1150 4305 2,
1165 4244 1213 4305 21,
1240 4247 1391 4308 argumento
1410 4255 1428 4292 a
1446 4242 1575 4292 conbaric
1592 4239 1687 4290 omnino

367 4335 515 4400 requiritur.
554 4333 640 4384 IIviro
665 4333 771 4384 absente
795 4349 826 4384 ex
852 4336 920 4384 insta
943 4348 1021 4384 cansa
1044 4349 1102 4386 cum
1123 4349 1165 4386 res
1188 4336 1291 4401 integra
1312 4336 1340 4386 in
1364 4335 1442 4385 aliam
1461 4335 1531 4385 dlem
1549 4339 1686 4389 reservetur,

370 4428 414 4477 ubi
434 4427 507 4477 abest
526 4441 558 4476 ex
579 4441 656 4476 causa
674 4441 726 4476 non
746 4427 821 4488 insta,
841 4441 881 4476 res
901 4426 1006 4478 absente
1026 4441 1057 4476 eo
1076 4434 1179 4493 peracta
1192 4429 1226 4478 sit
1240 4442 1344 4478 necesse
1357 4435 1403 4477 εει
1431 4427 1517 4478 Causa
1530 4428 1595 4478 enlm
1607 4423 1687 4475 cadere

369 4535 427 4570 eum
446 4535 500 4569 non
520 4525 558 4568 εει
578 4519 724 4584 probabile;
744 4533 804 4568 num
823 4512 875 4569 hoe
893 4519 977 4584 posito
996 4519 1064 4570 nihil
1082 4520 1218 4570 interesset
1235 4521 1303 4570 Inter
1320 4521 1497 4586 magistratum
1515 4521 1685 4586 privatumque,

370 4627 434 4677 quos
459 4619 546 4661 tamen
565 4612 608 4661 lex
628 4618 746 4661 accurate
765 4611 906 4676 dIstinguit.
945 4611 1065 4676 Denique
1083 4612 1139 4662 iure
1159 4613 1289 4662 communi
1308 4627 1366 4662 cnm
1386 4613 1481 4662 iudicio
1501 4612 1633 4664 constituto
1649 4621 1686 4672 pe·

369 4705 431 4754 titur
457 4703 542 4766 abest,
568 4704 590 4753 is
615 4709 702 4753 autem
727 4719 837 4768 quocum
862 4703 946 4769 agitur
970 4703 1056 4766 adest,
1084 4703 1208 4755 indicium
1227 4703 1358 4769 perficitur
1381 4703 1456 4770 (Dig.
1475 4705 1525 4768 40,
1546 4707 1588 4766 12,
1607 4703 1686 4763 27,1.

370 4797 414 4860 42,
430 4797 456 4858 2,
472 4795 498 4858 6,
514 4795 538 4845 3.
559 4795 602 4856 49,
619 4797 644 4857 1,
660 4793 693 4844 28
708 4811 747 4861 pr.
785 4795 874 4847 Keller
896 4791 1065 4863 Oiuilprceese
1081 4813 1108 4864 p.
1123 4798 1195 4859 297).

446 4885 471 4950 ²)
499 4887 603 4940 Schoell
628 4887 684 4939 XII
702 4887 772 4938 tabb.
796 4905 821 4954 p.
838 4889 899 4938 120.
936 4887 1043 4939 Reiecta
1064 4884 1163 4940 Oniacii
1188 4889 1367 4939 emendatione
1391 4889 1478 4939 uitium
1503 4905 1550 4955 pro
1573 4901 1603 4938 eo
1625 4881 1684 4949 qnod

370 4985 408 5030 est
431 4995 505 5028 unum
529 4980 634 5030 omnino
659 4995 781 5045 perversa
805 4979 876 5043 (nam
900 4982 1033 5032 excusatio
1057 4997 1110 5033 non
1135 4988 1174 5032 est
1199 4981 1300 5046 ritinm)
1324 4979 1388 5048 quc'd
1411 4982 1540 5048 geminavi
1561 4986 1585 5030 et
1601 4973 1683 5028 adnisi

369 5069 567 5138 unumquidquid
584 5072 737 5122 vocabulum
756 5074 947 5126 Lucretianum.
985 5074 1125 5125 Praeterea
1143 5073 1233 5126 addidi
1253 5072 1316 5124 dics.

446 5161 471 5229 ⁸)
500 5165 559 5214 inst.
574 5162 600 5228 5,
616 5163 641 5228 ⁷,
656 5165 682 5217 9.
